{"company": "Applied Materials", "freq": "Annual", "symbol": "AMAT", "fiscalDate": "2024-10-27", "metrics": {"fiscalDate": "2024-10-27", "totalRevenue": 27176000000.0, "grossProfit": 12897000000.0, "netIncome": 7177000000.0, "grossMargin_pct": 47.46, "netMargin_pct": 26.41, "operatingCashflow": 8677000000.0, "capitalExpenditures": -1190000000.0, "freeCashFlow": 9867000000.0, "cashAndCashEquivalents": 8022000000.0, "shortTermDebt": 887000000.0, "longTermDebt": 5719000000.0, "totalDebt": 6606000000.0, "totalLiabilities": 15408000000.0, "totalShareholderEquity": 19001000000.0, "totalCurrentAssets": 21220000000.0, "totalCurrentLiabilities": 8468000000.0, "debtToEquity": 0.8109, "currentRatio": 2.5059, "cashRatio": 0.9473, "researchAndDevelopment": 3233000000.0, "rdIntensity_pct": 11.9, "capexToRevenue_pct": -4.38, "distressFlags": [], "totalRevenue_QoQ_growth_pct": 2.49, "netIncome_QoQ_growth_pct": 4.68}, "summary": "Applied Materials Annual 2024-10-27: Rev=27176000000.0, NI=7177000000.0, GM%=47.46, NM%=26.41", "source": "FMP"}
{"company": "Applied Materials", "freq": "Annual", "symbol": "AMAT", "fiscalDate": "2023-10-29", "metrics": {"fiscalDate": "2023-10-29", "totalRevenue": 26517000000.0, "grossProfit": 12384000000.0, "netIncome": 6856000000.0, "grossMargin_pct": 46.7, "netMargin_pct": 25.86, "operatingCashflow": 8700000000.0, "capitalExpenditures": -1106000000.0, "freeCashFlow": 9806000000.0, "cashAndCashEquivalents": 6132000000.0, "shortTermDebt": 286000000.0, "longTermDebt": 5713000000.0, "totalDebt": 5999000000.0, "totalLiabilities": 14380000000.0, "totalShareholderEquity": 16349000000.0, "totalCurrentAssets": 19147000000.0, "totalCurrentLiabilities": 7372000000.0, "debtToEquity": 0.8796, "currentRatio": 2.5973, "cashRatio": 0.8318, "researchAndDevelopment": 3102000000.0, "rdIntensity_pct": 11.7, "capexToRevenue_pct": -4.17, "distressFlags": [], "totalRevenue_QoQ_growth_pct": 2.84, "netIncome_QoQ_growth_pct": 5.07}, "summary": "Applied Materials Annual 2023-10-29: Rev=26517000000.0, NI=6856000000.0, GM%=46.7, NM%=25.86", "source": "FMP"}
{"company": "Applied Materials", "freq": "Annual", "symbol": "AMAT", "fiscalDate": "2022-10-30", "metrics": {"fiscalDate": "2022-10-30", "totalRevenue": 25785000000.0, "grossProfit": 11993000000.0, "netIncome": 6525000000.0, "grossMargin_pct": 46.51, "netMargin_pct": 25.31, "operatingCashflow": 5399000000.0, "capitalExpenditures": -787000000.0, "freeCashFlow": 6186000000.0, "cashAndCashEquivalents": 1995000000.0, "shortTermDebt": 85000000.0, "longTermDebt": 5744000000.0, "totalDebt": 5829000000.0, "totalLiabilities": 14532000000.0, "totalShareholderEquity": 12194000000.0, "totalCurrentAssets": 15925000000.0, "totalCurrentLiabilities": 7379000000.0, "debtToEquity": 1.1917, "currentRatio": 2.1582, "cashRatio": 0.2704, "researchAndDevelopment": 2771000000.0, "rdIntensity_pct": 10.75, "capexToRevenue_pct": -3.05, "distressFlags": [], "totalRevenue_QoQ_growth_pct": 11.8, "netIncome_QoQ_growth_pct": 10.82}, "summary": "Applied Materials Annual 2022-10-30: Rev=25785000000.0, NI=6525000000.0, GM%=46.51, NM%=25.31", "source": "FMP"}
{"company": "Applied Materials", "freq": "Annual", "symbol": "AMAT", "fiscalDate": "2021-10-31", "metrics": {"fiscalDate": "2021-10-31", "totalRevenue": 23063000000.0, "grossProfit": 10914000000.0, "netIncome": 5888000000.0, "grossMargin_pct": 47.32, "netMargin_pct": 25.53, "operatingCashflow": 5442000000.0, "capitalExpenditures": -668000000.0, "freeCashFlow": 6110000000.0, "cashAndCashEquivalents": 4995000000.0, "shortTermDebt": 73000000.0, "longTermDebt": 5680000000.0, "totalDebt": 5753000000.0, "totalLiabilities": 13578000000.0, "totalShareholderEquity": 12247000000.0, "totalCurrentAssets": 16107000000.0, "totalCurrentLiabilities": 6344000000.0, "debtToEquity": 1.1087, "currentRatio": 2.5389, "cashRatio": 0.7874, "researchAndDevelopment": 2485000000.0, "rdIntensity_pct": 10.77, "capexToRevenue_pct": -2.9, "distressFlags": [], "totalRevenue_QoQ_growth_pct": 34.07, "netIncome_QoQ_growth_pct": 62.7}, "summary": "Applied Materials Annual 2021-10-31: Rev=23063000000.0, NI=5888000000.0, GM%=47.32, NM%=25.53", "source": "FMP"}
{"company": "Applied Materials", "freq": "Annual", "symbol": "AMAT", "fiscalDate": "2020-10-25", "metrics": {"fiscalDate": "2020-10-25", "totalRevenue": 17202000000.0, "grossProfit": 7692000000.0, "netIncome": 3619000000.0, "grossMargin_pct": 44.72, "netMargin_pct": 21.04, "operatingCashflow": 3804000000.0, "capitalExpenditures": -422000000.0, "freeCashFlow": 4226000000.0, "cashAndCashEquivalents": 5351000000.0, "shortTermDebt": 64000000.0, "longTermDebt": 5643000000.0, "totalDebt": 5707000000.0, "totalLiabilities": 11775000000.0, "totalShareholderEquity": 10578000000.0, "totalCurrentAssets": 13369000000.0, "totalCurrentLiabilities": 4459000000.0, "debtToEquity": 1.1132, "currentRatio": 2.9982, "cashRatio": 1.2, "researchAndDevelopment": 2234000000.0, "rdIntensity_pct": 12.99, "capexToRevenue_pct": -2.45, "distressFlags": []}, "summary": "Applied Materials Annual 2020-10-25: Rev=17202000000.0, NI=3619000000.0, GM%=44.72, NM%=21.04", "source": "FMP"}
{"company": "Ajinomoto", "freq": "Annual", "symbol": "AJINY", "fiscalDate": "2025-03-31", "metrics": {"fiscalDate": "2025-03-31", "totalRevenue": 1530556000000.0, "grossProfit": 550764000000.0, "netIncome": 70272000000.0, "grossMargin_pct": 35.98, "netMargin_pct": 4.59, "operatingCashflow": 209898000000.0, "capitalExpenditures": -95090000000.0, "freeCashFlow": 304988000000.0, "cashAndCashEquivalents": 164776000000.0, "shortTermDebt": 39146000000.0, "longTermDebt": 416207000000.0, "totalDebt": 455353000000.0, "totalLiabilities": 907858000000.0, "totalShareholderEquity": 746804000000.0, "totalCurrentAssets": 701298000000.0, "totalCurrentLiabilities": 384588000000.0, "debtToEquity": 1.2157, "currentRatio": 1.8235, "cashRatio": 0.4284, "researchAndDevelopment": 30921000000.0, "rdIntensity_pct": 2.02, "capexToRevenue_pct": -6.21, "distressFlags": [], "totalRevenue_QoQ_growth_pct": 6.35, "netIncome_QoQ_growth_pct": -19.34, "totalRevenue_YoY_growth_pct": 6.35, "netIncome_YoY_growth_pct": -19.34}, "summary": "Ajinomoto Annual 2025-03-31: Rev=1530556000000.0, NI=70272000000.0, GM%=35.98, NM%=4.59", "source": "FMP"}
{"company": "Ajinomoto", "freq": "Annual", "symbol": "AJINY", "fiscalDate": "2024-03-31", "metrics": {"fiscalDate": "2024-03-31", "totalRevenue": 1439231000000.0, "grossProfit": 511448000000.0, "netIncome": 87121000000.0, "grossMargin_pct": 35.54, "netMargin_pct": 6.05, "operatingCashflow": 168074000000.0, "capitalExpenditures": -72022000000.0, "freeCashFlow": 240096000000.0, "cashAndCashEquivalents": 171537000000.0, "shortTermDebt": 188270000000.0, "longTermDebt": 254224000000.0, "totalDebt": 442494000000.0, "totalLiabilities": 890431000000.0, "totalShareholderEquity": 814690000000.0, "totalCurrentAssets": 709632000000.0, "totalCurrentLiabilities": 501465000000.0, "debtToEquity": 1.093, "currentRatio": 1.4151, "cashRatio": 0.3421, "researchAndDevelopment": 28766000000.0, "rdIntensity_pct": 2.0, "capexToRevenue_pct": -5.0, "distressFlags": [], "totalRevenue_QoQ_growth_pct": 5.89, "netIncome_QoQ_growth_pct": -7.38, "totalRevenue_YoY_growth_pct": 5.89, "netIncome_YoY_growth_pct": -7.38}, "summary": "Ajinomoto Annual 2024-03-31: Rev=1439231000000.0, NI=87121000000.0, GM%=35.54, NM%=6.05", "source": "FMP"}
{"company": "Ajinomoto", "freq": "Annual", "symbol": "AJINY", "fiscalDate": "2023-03-31", "metrics": {"fiscalDate": "2023-03-31", "totalRevenue": 1359115000000.0, "grossProfit": 470388000000.0, "netIncome": 94065000000.0, "grossMargin_pct": 34.61, "netMargin_pct": 6.92, "operatingCashflow": 117640000000.0, "capitalExpenditures": -73046000000.0, "freeCashFlow": 190686000000.0, "cashAndCashEquivalents": 132777000000.0, "shortTermDebt": 55979000000.0, "longTermDebt": 280518000000.0, "totalDebt": 336497000000.0, "totalLiabilities": 688766000000.0, "totalShareholderEquity": 768676000000.0, "totalCurrentAssets": 615537000000.0, "totalCurrentLiabilities": 339644000000.0, "debtToEquity": 0.896, "currentRatio": 1.8123, "cashRatio": 0.3909, "researchAndDevelopment": 25867000000.0, "rdIntensity_pct": 1.9, "capexToRevenue_pct": -5.37, "distressFlags": [], "totalRevenue_QoQ_growth_pct": 18.25, "netIncome_QoQ_growth_pct": 24.22, "totalRevenue_YoY_growth_pct": 18.25, "netIncome_YoY_growth_pct": 24.22}, "summary": "Ajinomoto Annual 2023-03-31: Rev=1359115000000.0, NI=94065000000.0, GM%=34.61, NM%=6.92", "source": "FMP"}
{"company": "Ajinomoto", "freq": "Annual", "symbol": "AJINY", "fiscalDate": "2022-03-31", "metrics": {"fiscalDate": "2022-03-31", "totalRevenue": 1149370000000.0, "grossProfit": 425898000000.0, "netIncome": 75725000000.0, "grossMargin_pct": 37.05, "netMargin_pct": 6.59, "operatingCashflow": 145576000000.0, "capitalExpenditures": -80719000000.0, "freeCashFlow": 226295000000.0, "cashAndCashEquivalents": 151454000000.0, "shortTermDebt": 49602000000.0, "longTermDebt": 314358000000.0, "totalDebt": 363960000000.0, "totalLiabilities": 717316000000.0, "totalShareholderEquity": 686909000000.0, "totalCurrentAssets": 581419000000.0, "totalCurrentLiabilities": 324631000000.0, "debtToEquity": 1.0443, "currentRatio": 1.791, "cashRatio": 0.4665, "researchAndDevelopment": 24842000000.0, "rdIntensity_pct": 2.16, "capexToRevenue_pct": -7.02, "distressFlags": [], "totalRevenue_QoQ_growth_pct": 7.27, "netIncome_QoQ_growth_pct": 27.45, "totalRevenue_YoY_growth_pct": 7.27, "netIncome_YoY_growth_pct": 27.45}, "summary": "Ajinomoto Annual 2022-03-31: Rev=1149370000000.0, NI=75725000000.0, GM%=37.05, NM%=6.59", "source": "FMP"}
{"company": "Ajinomoto", "freq": "Annual", "symbol": "AJINY", "fiscalDate": "2021-03-31", "metrics": {"fiscalDate": "2021-03-31", "totalRevenue": 1071453000000.0, "grossProfit": 406219000000.0, "netIncome": 59416000000.0, "grossMargin_pct": 37.91, "netMargin_pct": 5.55, "operatingCashflow": 165650000000.0, "capitalExpenditures": -86037000000.0, "freeCashFlow": 251687000000.0, "cashAndCashEquivalents": 181609000000.0, "shortTermDebt": 58905000000.0, "longTermDebt": 341373000000.0, "totalDebt": 400278000000.0, "totalLiabilities": 763443000000.0, "totalShareholderEquity": 620257000000.0, "totalCurrentAssets": 585169000000.0, "totalCurrentLiabilities": 336339000000.0, "debtToEquity": 1.2308, "currentRatio": 1.7398, "cashRatio": 0.54, "researchAndDevelopment": 25900000000.0, "rdIntensity_pct": 2.42, "capexToRevenue_pct": -8.03, "distressFlags": []}, "summary": "Ajinomoto Annual 2021-03-31: Rev=1071453000000.0, NI=59416000000.0, GM%=37.91, NM%=5.55", "source": "FMP"}
{"company": "ASML", "freq": "Annual", "symbol": "ASML", "fiscalDate": "2024-12-31", "metrics": {"fiscalDate": "2024-12-31", "totalRevenue": 28262900000.0, "grossProfit": 14492000000.0, "netIncome": 7571600000.0, "grossMargin_pct": 51.28, "netMargin_pct": 26.79, "operatingCashflow": 11166200000.0, "capitalExpenditures": -2067200000.0, "freeCashFlow": 13233400000.0, "cashAndCashEquivalents": 12735900000.0, "shortTermDebt": 1120500000.0, "longTermDebt": 3914700000.0, "totalDebt": 5035200000.0, "totalLiabilities": 30112800000.0, "totalShareholderEquity": 18476800000.0, "totalCurrentAssets": 30737400000.0, "totalCurrentLiabilities": 20051400000.0, "debtToEquity": 1.6298, "currentRatio": 1.5329, "cashRatio": 0.6352, "researchAndDevelopment": 4303700000.0, "rdIntensity_pct": 15.23, "capexToRevenue_pct": -7.31, "distressFlags": [], "totalRevenue_QoQ_growth_pct": 2.56, "netIncome_QoQ_growth_pct": -3.41, "totalRevenue_YoY_growth_pct": 2.56, "netIncome_YoY_growth_pct": -3.41}, "summary": "ASML Annual 2024-12-31: Rev=28262900000.0, NI=7571600000.0, GM%=51.28, NM%=26.79", "source": "FMP"}
{"company": "ASML", "freq": "Annual", "symbol": "ASML", "fiscalDate": "2023-12-31", "metrics": {"fiscalDate": "2023-12-31", "totalRevenue": 27558500000.0, "grossProfit": 14136100000.0, "netIncome": 7839000000.0, "grossMargin_pct": 51.29, "netMargin_pct": 28.44, "operatingCashflow": 5443400000.0, "capitalExpenditures": -2196200000.0, "freeCashFlow": 7639600000.0, "cashAndCashEquivalents": 7004700000.0, "shortTermDebt": 100000.0, "longTermDebt": 4812700000.0, "totalDebt": 4812800000.0, "totalLiabilities": 26505100000.0, "totalShareholderEquity": 13452400000.0, "totalCurrentAssets": 24393900000.0, "totalCurrentLiabilities": 16274700000.0, "debtToEquity": 1.9703, "currentRatio": 1.4989, "cashRatio": 0.4304, "researchAndDevelopment": 3980600000.0, "rdIntensity_pct": 14.44, "capexToRevenue_pct": -7.97, "distressFlags": [], "totalRevenue_QoQ_growth_pct": 30.16, "netIncome_QoQ_growth_pct": 39.38, "totalRevenue_YoY_growth_pct": 30.16, "netIncome_YoY_growth_pct": 39.38}, "summary": "ASML Annual 2023-12-31: Rev=27558500000.0, NI=7839000000.0, GM%=51.29, NM%=28.44", "source": "FMP"}
{"company": "ASML", "freq": "Annual", "symbol": "ASML", "fiscalDate": "2022-12-31", "metrics": {"fiscalDate": "2022-12-31", "totalRevenue": 21173400000.0, "grossProfit": 10700100000.0, "netIncome": 5624200000.0, "grossMargin_pct": 50.54, "netMargin_pct": 26.56, "operatingCashflow": 9434900000.0, "capitalExpenditures": -2212400000.0, "freeCashFlow": 11647300000.0, "cashAndCashEquivalents": 7268300000.0, "shortTermDebt": 746200000.0, "longTermDebt": 3665700000.0, "totalDebt": 4411900000.0, "totalLiabilities": 27540000000.0, "totalShareholderEquity": 11286000000.0, "totalCurrentAssets": 22549600000.0, "totalCurrentLiabilities": 17762600000.0, "debtToEquity": 2.4402, "currentRatio": 1.2695, "cashRatio": 0.4092, "researchAndDevelopment": 3253500000.0, "rdIntensity_pct": 15.37, "capexToRevenue_pct": -10.45, "distressFlags": ["high_debt_to_equity"], "totalRevenue_QoQ_growth_pct": 13.77, "netIncome_QoQ_growth_pct": -4.4, "totalRevenue_YoY_growth_pct": 13.77, "netIncome_YoY_growth_pct": -4.4}, "summary": "ASML Annual 2022-12-31: Rev=21173400000.0, NI=5624200000.0, GM%=50.54, NM%=26.56", "source": "FMP"}
{"company": "ASML", "freq": "Annual", "symbol": "ASML", "fiscalDate": "2021-12-31", "metrics": {"fiscalDate": "2021-12-31", "totalRevenue": 18611000000.0, "grossProfit": 9809000000.0, "netIncome": 5883200000.0, "grossMargin_pct": 52.71, "netMargin_pct": 31.61, "operatingCashflow": 10845800000.0, "capitalExpenditures": -940300000.0, "freeCashFlow": 11786100000.0, "cashAndCashEquivalents": 6951800000.0, "shortTermDebt": 509100000.0, "longTermDebt": 4075000000.0, "totalDebt": 4584100000.0, "totalLiabilities": 20090400000.0, "totalShareholderEquity": 10140600000.0, "totalCurrentAssets": 18190200000.0, "totalCurrentLiabilities": 12298000000.0, "debtToEquity": 1.9812, "currentRatio": 1.4791, "cashRatio": 0.5653, "researchAndDevelopment": 2547000000.0, "rdIntensity_pct": 13.69, "capexToRevenue_pct": -5.05, "distressFlags": [], "totalRevenue_QoQ_growth_pct": 33.14, "netIncome_QoQ_growth_pct": 65.55, "totalRevenue_YoY_growth_pct": 33.14, "netIncome_YoY_growth_pct": 65.55}, "summary": "ASML Annual 2021-12-31: Rev=18611000000.0, NI=5883200000.0, GM%=52.71, NM%=31.61", "source": "FMP"}
{"company": "ASML", "freq": "Annual", "symbol": "ASML", "fiscalDate": "2020-12-31", "metrics": {"fiscalDate": "2020-12-31", "totalRevenue": 13978500000.0, "grossProfit": 6797200000.0, "netIncome": 3553700000.0, "grossMargin_pct": 48.63, "netMargin_pct": 25.42, "operatingCashflow": 4627600000.0, "capitalExpenditures": -1000800000.0, "freeCashFlow": 5628400000.0, "cashAndCashEquivalents": 6049400000.0, "shortTermDebt": 15400000.0, "longTermDebt": 4792600000.0, "totalDebt": 4808000000.0, "totalLiabilities": 13402000000.0, "totalShareholderEquity": 13865400000.0, "totalCurrentAssets": 15930000000.0, "totalCurrentLiabilities": 6603500000.0, "debtToEquity": 0.9666, "currentRatio": 2.4124, "cashRatio": 0.9161, "researchAndDevelopment": 2200800000.0, "rdIntensity_pct": 15.74, "capexToRevenue_pct": -7.16, "distressFlags": []}, "summary": "ASML Annual 2020-12-31: Rev=13978500000.0, NI=3553700000.0, GM%=48.63, NM%=25.42", "source": "FMP"}
{"company": "TEL (Tokyo Electron)", "freq": "Annual", "symbol": "8035.T", "fiscalDate": "2025-03-31", "metrics": {"fiscalDate": "2025-03-31", "totalRevenue": 2431568000000.0, "grossProfit": 1146288000000.0, "netIncome": 544133000000.0, "grossMargin_pct": 47.14, "netMargin_pct": 22.38, "operatingCashflow": 582174000000.0, "capitalExpenditures": -158374000000.0, "freeCashFlow": 740548000000.0, "cashAndCashEquivalents": 416240000000.0, "shortTermDebt": 0.0, "longTermDebt": 0.0, "totalDebt": 0.0, "totalLiabilities": 770771000000.0, "totalShareholderEquity": 1855209000000.0, "totalCurrentAssets": 1800756000000.0, "totalCurrentLiabilities": 677925000000.0, "debtToEquity": 0.4155, "currentRatio": 2.6563, "cashRatio": 0.614, "researchAndDevelopment": 250017000000.0, "rdIntensity_pct": 10.28, "capexToRevenue_pct": -6.51, "distressFlags": [], "totalRevenue_QoQ_growth_pct": 32.83, "netIncome_QoQ_growth_pct": 49.5, "totalRevenue_YoY_growth_pct": 32.83, "netIncome_YoY_growth_pct": 49.5}, "summary": "TEL (Tokyo Electron) Annual 2025-03-31: Rev=2431568000000.0, NI=544133000000.0, GM%=47.14, NM%=22.38", "source": "FMP"}
{"company": "TEL (Tokyo Electron)", "freq": "Annual", "symbol": "8035.T", "fiscalDate": "2024-03-31", "metrics": {"fiscalDate": "2024-03-31", "totalRevenue": 1830527000000.0, "grossProfit": 830270000000.0, "netIncome": 363963000000.0, "grossMargin_pct": 45.36, "netMargin_pct": 19.88, "operatingCashflow": 434720000000.0, "capitalExpenditures": -124980000000.0, "freeCashFlow": 559700000000.0, "cashAndCashEquivalents": 462383000000.0, "shortTermDebt": 0.0, "longTermDebt": 0.0, "totalDebt": 0.0, "totalLiabilities": 696284000000.0, "totalShareholderEquity": 1760178000000.0, "totalCurrentAssets": 1700451000000.0, "totalCurrentLiabilities": 611899000000.0, "debtToEquity": 0.3956, "currentRatio": 2.779, "cashRatio": 0.7557, "researchAndDevelopment": 202873000000.0, "rdIntensity_pct": 11.08, "capexToRevenue_pct": -6.83, "distressFlags": [], "totalRevenue_QoQ_growth_pct": -17.13, "netIncome_QoQ_growth_pct": -22.82, "totalRevenue_YoY_growth_pct": -17.13, "netIncome_YoY_growth_pct": -22.82}, "summary": "TEL (Tokyo Electron) Annual 2024-03-31: Rev=1830527000000.0, NI=363963000000.0, GM%=45.36, NM%=19.88", "source": "FMP"}
{"company": "TEL (Tokyo Electron)", "freq": "Annual", "symbol": "8035.T", "fiscalDate": "2023-03-31", "metrics": {"fiscalDate": "2023-03-31", "totalRevenue": 2209025000000.0, "grossProfit": 984408000000.0, "netIncome": 471584000000.0, "grossMargin_pct": 44.56, "netMargin_pct": 21.35, "operatingCashflow": 426270000000.0, "capitalExpenditures": -76313000000.0, "freeCashFlow": 502583000000.0, "cashAndCashEquivalents": 473099000000.0, "shortTermDebt": -289169000000.0, "longTermDebt": 0.0, "totalDebt": -289169000000.0, "totalLiabilities": 712072000000.0, "totalShareholderEquity": 1599522000000.0, "totalCurrentAssets": 1740959000000.0, "totalCurrentLiabilities": 629893000000.0, "debtToEquity": 0.4452, "currentRatio": 2.7639, "cashRatio": 0.7511, "researchAndDevelopment": 191196000000.0, "rdIntensity_pct": 8.66, "capexToRevenue_pct": -3.45, "distressFlags": [], "totalRevenue_QoQ_growth_pct": 10.24, "netIncome_QoQ_growth_pct": 7.9, "totalRevenue_YoY_growth_pct": 10.24, "netIncome_YoY_growth_pct": 7.9}, "summary": "TEL (Tokyo Electron) Annual 2023-03-31: Rev=2209025000000.0, NI=471584000000.0, GM%=44.56, NM%=21.35", "source": "FMP"}
{"company": "TEL (Tokyo Electron)", "freq": "Annual", "symbol": "8035.T", "fiscalDate": "2022-03-31", "metrics": {"fiscalDate": "2022-03-31", "totalRevenue": 2003805000000.0, "grossProfit": 911822000000.0, "netIncome": 437076000000.0, "grossMargin_pct": 45.5, "netMargin_pct": 21.81, "operatingCashflow": 283387000000.0, "capitalExpenditures": -65103000000.0, "freeCashFlow": 348490000000.0, "cashAndCashEquivalents": 274274000000.0, "shortTermDebt": 0.0, "longTermDebt": 3384000000.0, "totalDebt": 3384000000.0, "totalLiabilities": 547410000000.0, "totalShareholderEquity": 1347047000000.0, "totalCurrentAssets": 1408703000000.0, "totalCurrentLiabilities": 468578000000.0, "debtToEquity": 0.4064, "currentRatio": 3.0063, "cashRatio": 0.5853, "researchAndDevelopment": 158256000000.0, "rdIntensity_pct": 7.9, "capexToRevenue_pct": -3.25, "distressFlags": [], "totalRevenue_QoQ_growth_pct": 43.22, "netIncome_QoQ_growth_pct": 79.91, "totalRevenue_YoY_growth_pct": 43.22, "netIncome_YoY_growth_pct": 79.91}, "summary": "TEL (Tokyo Electron) Annual 2022-03-31: Rev=2003805000000.0, NI=437076000000.0, GM%=45.5, NM%=21.81", "source": "FMP"}
{"company": "TEL (Tokyo Electron)", "freq": "Annual", "symbol": "8035.T", "fiscalDate": "2021-03-31", "metrics": {"fiscalDate": "2021-03-31", "totalRevenue": 1399102000000.0, "grossProfit": 564945000000.0, "netIncome": 242941000000.0, "grossMargin_pct": 40.38, "netMargin_pct": 17.36, "operatingCashflow": 145888000000.0, "capitalExpenditures": -60930000000.0, "freeCashFlow": 206818000000.0, "cashAndCashEquivalents": 186538000000.0, "shortTermDebt": 0.0, "longTermDebt": 2909000000.0, "totalDebt": 2909000000.0, "totalLiabilities": 400803000000.0, "totalShareholderEquity": 1024561000000.0, "totalCurrentAssets": 1015696000000.0, "totalCurrentLiabilities": 327661000000.0, "debtToEquity": 0.3912, "currentRatio": 3.0998, "cashRatio": 0.5693, "researchAndDevelopment": 136648000000.0, "rdIntensity_pct": 9.77, "capexToRevenue_pct": -4.35, "distressFlags": []}, "summary": "TEL (Tokyo Electron) Annual 2021-03-31: Rev=1399102000000.0, NI=242941000000.0, GM%=40.38, NM%=17.36", "source": "FMP"}
{"company": "KLA", "freq": "Annual", "symbol": "KLAC", "fiscalDate": "2025-06-30", "metrics": {"fiscalDate": "2025-06-30", "totalRevenue": 12156162000.0, "grossProfit": 7575158000.0, "netIncome": 4061643000.0, "grossMargin_pct": 62.32, "netMargin_pct": 33.41, "operatingCashflow": null, "capitalExpenditures": null, "freeCashFlow": null, "cashAndCashEquivalents": 2078908000.0, "shortTermDebt": 0.0, "longTermDebt": 5884257000.0, "totalDebt": 5884257000.0, "totalLiabilities": 11375473000.0, "totalShareholderEquity": 4692453000.0, "totalCurrentAssets": 10698789000.0, "totalCurrentLiabilities": 4085795000.0, "debtToEquity": 2.4242, "currentRatio": 2.6185, "cashRatio": 0.5088, "researchAndDevelopment": 1355090000.0, "rdIntensity_pct": 11.15, "capexToRevenue_pct": null, "distressFlags": ["high_debt_to_equity"], "totalRevenue_QoQ_growth_pct": 23.89, "netIncome_QoQ_growth_pct": 47.06, "totalRevenue_YoY_growth_pct": 23.89, "netIncome_YoY_growth_pct": 47.06}, "summary": "KLA Annual 2025-06-30: Rev=12156162000.0, NI=4061643000.0, GM%=62.32, NM%=33.41", "source": "FMP"}
{"company": "KLA", "freq": "Annual", "symbol": "KLAC", "fiscalDate": "2024-06-30", "metrics": {"fiscalDate": "2024-06-30", "totalRevenue": 9812247000.0, "grossProfit": 5884174000.0, "netIncome": 2761896000.0, "grossMargin_pct": 59.97, "netMargin_pct": 28.15, "operatingCashflow": 3308575000.0, "capitalExpenditures": -277384000.0, "freeCashFlow": 3585959000.0, "cashAndCashEquivalents": 1977129000.0, "shortTermDebt": 786327000.0, "longTermDebt": 6033316000.0, "totalDebt": 6819643000.0, "totalLiabilities": 12065238000.0, "totalShareholderEquity": 3368328000.0, "totalCurrentAssets": 10031144000.0, "totalCurrentLiabilities": 4660774000.0, "debtToEquity": 3.582, "currentRatio": 2.1522, "cashRatio": 0.4242, "researchAndDevelopment": 1278981000.0, "rdIntensity_pct": 13.03, "capexToRevenue_pct": -2.83, "distressFlags": ["high_debt_to_equity"], "totalRevenue_QoQ_growth_pct": -6.51, "netIncome_QoQ_growth_pct": -18.46, "totalRevenue_YoY_growth_pct": -6.51, "netIncome_YoY_growth_pct": -18.46}, "summary": "KLA Annual 2024-06-30: Rev=9812247000.0, NI=2761896000.0, GM%=59.97, NM%=28.15", "source": "FMP"}
{"company": "KLA", "freq": "Annual", "symbol": "KLAC", "fiscalDate": "2023-06-30", "metrics": {"fiscalDate": "2023-06-30", "totalRevenue": 10496056000.0, "grossProfit": 6277749000.0, "netIncome": 3387277000.0, "grossMargin_pct": 59.81, "netMargin_pct": 32.27, "operatingCashflow": 3669805000.0, "capitalExpenditures": -341591000.0, "freeCashFlow": 4011396000.0, "cashAndCashEquivalents": 1927865000.0, "shortTermDebt": 34042000.0, "longTermDebt": 6029090000.0, "totalDebt": 6063132000.0, "totalLiabilities": 11152604000.0, "totalShareholderEquity": 2919753000.0, "totalCurrentAssets": 8372032000.0, "totalCurrentLiabilities": 3742842000.0, "debtToEquity": 3.8197, "currentRatio": 2.2368, "cashRatio": 0.5151, "researchAndDevelopment": 1296727000.0, "rdIntensity_pct": 12.35, "capexToRevenue_pct": -3.25, "distressFlags": ["high_debt_to_equity"], "totalRevenue_QoQ_growth_pct": 13.94, "netIncome_QoQ_growth_pct": 1.97, "totalRevenue_YoY_growth_pct": 13.94, "netIncome_YoY_growth_pct": 1.97}, "summary": "KLA Annual 2023-06-30: Rev=10496056000.0, NI=3387277000.0, GM%=59.81, NM%=32.27", "source": "FMP"}
{"company": "KLA", "freq": "Annual", "symbol": "KLAC", "fiscalDate": "2022-06-30", "metrics": {"fiscalDate": "2022-06-30", "totalRevenue": 9211883000.0, "grossProfit": 5619442000.0, "netIncome": 3321807000.0, "grossMargin_pct": 61.0, "netMargin_pct": 36.06, "operatingCashflow": 3312702000.0, "capitalExpenditures": -307320000.0, "freeCashFlow": 3620022000.0, "cashAndCashEquivalents": 1584908000.0, "shortTermDebt": 32218000.0, "longTermDebt": 6742087000.0, "totalDebt": 6774305000.0, "totalLiabilities": 11197998000.0, "totalShareholderEquity": 1401351000.0, "totalCurrentAssets": 7168911000.0, "totalCurrentLiabilities": 2871083000.0, "debtToEquity": 7.9909, "currentRatio": 2.4969, "cashRatio": 0.552, "researchAndDevelopment": 1105254000.0, "rdIntensity_pct": 12.0, "capexToRevenue_pct": -3.34, "distressFlags": ["high_debt_to_equity"], "totalRevenue_QoQ_growth_pct": 33.14, "netIncome_QoQ_growth_pct": 59.83, "totalRevenue_YoY_growth_pct": 33.14, "netIncome_YoY_growth_pct": 59.83}, "summary": "KLA Annual 2022-06-30: Rev=9211883000.0, NI=3321807000.0, GM%=61.0, NM%=36.06", "source": "FMP"}
{"company": "KLA", "freq": "Annual", "symbol": "KLAC", "fiscalDate": "2021-06-30", "metrics": {"fiscalDate": "2021-06-30", "totalRevenue": 6918734000.0, "grossProfit": 4146569000.0, "netIncome": 2078292000.0, "grossMargin_pct": 59.93, "netMargin_pct": 30.04, "operatingCashflow": 2185026000.0, "capitalExpenditures": -231628000.0, "freeCashFlow": 2416654000.0, "cashAndCashEquivalents": 1434610000.0, "shortTermDebt": 52322000.0, "longTermDebt": 3493506000.0, "totalDebt": 3545828000.0, "totalLiabilities": 6895482000.0, "totalShareholderEquity": 3377554000.0, "totalCurrentAssets": 5696248000.0, "totalCurrentLiabilities": 2103227000.0, "debtToEquity": 2.0416, "currentRatio": 2.7083, "cashRatio": 0.6821, "researchAndDevelopment": 928487000.0, "rdIntensity_pct": 13.42, "capexToRevenue_pct": -3.35, "distressFlags": ["high_debt_to_equity"]}, "summary": "KLA Annual 2021-06-30: Rev=6918734000.0, NI=2078292000.0, GM%=59.93, NM%=30.04", "source": "FMP"}
{"company": "KLA", "freq": "Annual", "symbol": "KLAC", "fiscalDate": "2020-06-30", "metrics": {"fiscalDate": "2020-06-30", "totalRevenue": null, "grossProfit": null, "netIncome": null, "grossMargin_pct": null, "netMargin_pct": null, "operatingCashflow": 1778850000.0, "capitalExpenditures": -152675000.0, "freeCashFlow": 1931525000.0, "cashAndCashEquivalents": null, "shortTermDebt": null, "longTermDebt": null, "totalDebt": null, "totalLiabilities": null, "totalShareholderEquity": null, "totalCurrentAssets": null, "totalCurrentLiabilities": null, "debtToEquity": null, "currentRatio": null, "cashRatio": null, "researchAndDevelopment": null, "rdIntensity_pct": null, "capexToRevenue_pct": null, "distressFlags": []}, "summary": "KLA Annual 2020-06-30: Rev=None, NI=None, GM%=None, NM%=None", "source": "FMP"}
{"company": "OSI Systems", "freq": "Annual", "symbol": "OSIS", "fiscalDate": "2024-06-30", "metrics": {"fiscalDate": "2024-06-30", "totalRevenue": 1538758000.0, "grossProfit": 530458000.0, "netIncome": 128154000.0, "grossMargin_pct": 34.47, "netMargin_pct": 8.33, "operatingCashflow": -87501000.0, "capitalExpenditures": -39432000.0, "freeCashFlow": -48069000.0, "cashAndCashEquivalents": 95353000.0, "shortTermDebt": 391500000.0, "longTermDebt": 129383000.0, "totalDebt": 520883000.0, "totalLiabilities": 1072525000.0, "totalShareholderEquity": 863483000.0, "totalCurrentAssets": 1215524000.0, "totalCurrentLiabilities": 814637000.0, "debtToEquity": 1.2421, "currentRatio": 1.4921, "cashRatio": 0.117, "researchAndDevelopment": 65275000.0, "rdIntensity_pct": 4.24, "capexToRevenue_pct": -2.56, "distressFlags": ["negative_fcf"], "totalRevenue_QoQ_growth_pct": 20.36, "netIncome_QoQ_growth_pct": 39.63, "totalRevenue_YoY_growth_pct": 20.36, "netIncome_YoY_growth_pct": 39.63}, "summary": "OSI Systems Annual 2024-06-30: Rev=1538758000.0, NI=128154000.0, GM%=34.47, NM%=8.33", "source": "FMP"}
{"company": "OSI Systems", "freq": "Annual", "symbol": "OSIS", "fiscalDate": "2023-06-30", "metrics": {"fiscalDate": "2023-06-30", "totalRevenue": 1278427000.0, "grossProfit": 430510000.0, "netIncome": 91778000.0, "grossMargin_pct": 33.67, "netMargin_pct": 7.18, "operatingCashflow": 94812000.0, "capitalExpenditures": -32254000.0, "freeCashFlow": 127066000.0, "cashAndCashEquivalents": 76750000.0, "shortTermDebt": 223076000.0, "longTermDebt": 160224000.0, "totalDebt": 383300000.0, "totalLiabilities": 829521000.0, "totalShareholderEquity": 726165000.0, "totalCurrentAssets": 839903000.0, "totalCurrentLiabilities": 571694000.0, "debtToEquity": 1.1423, "currentRatio": 1.4691, "cashRatio": 0.1343, "researchAndDevelopment": 59352000.0, "rdIntensity_pct": 4.64, "capexToRevenue_pct": -2.52, "distressFlags": [], "totalRevenue_QoQ_growth_pct": 8.04, "netIncome_QoQ_growth_pct": -20.43, "totalRevenue_YoY_growth_pct": 8.04, "netIncome_YoY_growth_pct": -20.43}, "summary": "OSI Systems Annual 2023-06-30: Rev=1278427000.0, NI=91778000.0, GM%=33.67, NM%=7.18", "source": "FMP"}
{"company": "OSI Systems", "freq": "Annual", "symbol": "OSIS", "fiscalDate": "2022-06-30", "metrics": {"fiscalDate": "2022-06-30", "totalRevenue": 1183236000.0, "grossProfit": 424427000.0, "netIncome": 115347000.0, "grossMargin_pct": 35.87, "netMargin_pct": 9.75, "operatingCashflow": 63808000.0, "capitalExpenditures": -30487000.0, "freeCashFlow": 94295000.0, "cashAndCashEquivalents": 64202000.0, "shortTermDebt": 304575000.0, "longTermDebt": 79031000.0, "totalDebt": 383606000.0, "totalLiabilities": 804726000.0, "totalShareholderEquity": 638424000.0, "totalCurrentAssets": 746144000.0, "totalCurrentLiabilities": 613954000.0, "debtToEquity": 1.2605, "currentRatio": 1.2153, "cashRatio": 0.1046, "researchAndDevelopment": 59583000.0, "rdIntensity_pct": 5.04, "capexToRevenue_pct": -2.58, "distressFlags": [], "totalRevenue_QoQ_growth_pct": 3.17, "netIncome_QoQ_growth_pct": 55.77, "totalRevenue_YoY_growth_pct": 3.17, "netIncome_YoY_growth_pct": 55.77}, "summary": "OSI Systems Annual 2022-06-30: Rev=1183236000.0, NI=115347000.0, GM%=35.87, NM%=9.75", "source": "FMP"}
{"company": "OSI Systems", "freq": "Annual", "symbol": "OSIS", "fiscalDate": "2021-06-30", "metrics": {"fiscalDate": "2021-06-30", "totalRevenue": 1146902000.0, "grossProfit": 419918000.0, "netIncome": 74049000.0, "grossMargin_pct": 36.61, "netMargin_pct": 6.46, "operatingCashflow": 139066000.0, "capitalExpenditures": -29511000.0, "freeCashFlow": 168577000.0, "cashAndCashEquivalents": 80613000.0, "shortTermDebt": 846000.0, "longTermDebt": 292738000.0, "totalDebt": 293584000.0, "totalLiabilities": 744547000.0, "totalShareholderEquity": 639820000.0, "totalCurrentAssets": 709404000.0, "totalCurrentLiabilities": 344767000.0, "debtToEquity": 1.1637, "currentRatio": 2.0576, "cashRatio": 0.2338, "researchAndDevelopment": 53696000.0, "rdIntensity_pct": 4.68, "capexToRevenue_pct": -2.57, "distressFlags": [], "totalRevenue_QoQ_growth_pct": -1.64, "netIncome_QoQ_growth_pct": -1.6, "totalRevenue_YoY_growth_pct": -1.64, "netIncome_YoY_growth_pct": -1.6}, "summary": "OSI Systems Annual 2021-06-30: Rev=1146902000.0, NI=74049000.0, GM%=36.61, NM%=6.46", "source": "FMP"}
{"company": "OSI Systems", "freq": "Annual", "symbol": "OSIS", "fiscalDate": "2020-06-30", "metrics": {"fiscalDate": "2020-06-30", "totalRevenue": 1166044000.0, "grossProfit": 420639000.0, "netIncome": 75252000.0, "grossMargin_pct": 36.07, "netMargin_pct": 6.45, "operatingCashflow": 129180000.0, "capitalExpenditures": -33747000.0, "freeCashFlow": 162927000.0, "cashAndCashEquivalents": 76102000.0, "shortTermDebt": 59926000.0, "longTermDebt": 286785000.0, "totalDebt": 346711000.0, "totalLiabilities": 696389000.0, "totalShareholderEquity": 572152000.0, "totalCurrentAssets": 617709000.0, "totalCurrentLiabilities": 330101000.0, "debtToEquity": 1.2171, "currentRatio": 1.8713, "cashRatio": 0.2305, "researchAndDevelopment": 57308000.0, "rdIntensity_pct": 4.91, "capexToRevenue_pct": -2.89, "distressFlags": []}, "summary": "OSI Systems Annual 2020-06-30: Rev=1166044000.0, NI=75252000.0, GM%=36.07, NM%=6.45", "source": "FMP"}
{"company": "CAMECA (AMTEK)", "freq": "Annual", "symbol": "AME", "fiscalDate": "2024-12-31", "metrics": {"fiscalDate": "2024-12-31", "totalRevenue": 6941180000.0, "grossProfit": 2476467000.0, "netIncome": 1376124000.0, "grossMargin_pct": 35.68, "netMargin_pct": 19.83, "operatingCashflow": 1828848000.0, "capitalExpenditures": -127075000.0, "freeCashFlow": 1955923000.0, "cashAndCashEquivalents": 373999000.0, "shortTermDebt": 709082000.0, "longTermDebt": 1425375000.0, "totalDebt": 2134457000.0, "totalLiabilities": 4975865000.0, "totalShareholderEquity": 9655304000.0, "totalCurrentAssets": 2603032000.0, "totalCurrentLiabilities": 2098587000.0, "debtToEquity": 0.5154, "currentRatio": 1.2404, "cashRatio": 0.1782, "researchAndDevelopment": 0.0, "rdIntensity_pct": 0.0, "capexToRevenue_pct": -1.83, "distressFlags": [], "totalRevenue_QoQ_growth_pct": 5.22, "netIncome_QoQ_growth_pct": 4.79, "totalRevenue_YoY_growth_pct": 5.22, "netIncome_YoY_growth_pct": 4.79}, "summary": "CAMECA (AMTEK) Annual 2024-12-31: Rev=6941180000.0, NI=1376124000.0, GM%=35.68, NM%=19.83", "source": "FMP"}
{"company": "CAMECA (AMTEK)", "freq": "Annual", "symbol": "AME", "fiscalDate": "2023-12-31", "metrics": {"fiscalDate": "2023-12-31", "totalRevenue": 6596950000.0, "grossProfit": 2384465000.0, "netIncome": 1313188000.0, "grossMargin_pct": 36.14, "netMargin_pct": 19.91, "operatingCashflow": 1735296000.0, "capitalExpenditures": -136249000.0, "freeCashFlow": 1871545000.0, "cashAndCashEquivalents": 409804000.0, "shortTermDebt": 1478970000.0, "longTermDebt": 1895432000.0, "totalDebt": 3374402000.0, "totalLiabilities": 6293342000.0, "totalShareholderEquity": 8730191000.0, "totalCurrentAssets": 2824668000.0, "totalCurrentLiabilities": 2882573000.0, "debtToEquity": 0.7209, "currentRatio": 0.9799, "cashRatio": 0.1422, "researchAndDevelopment": 0.0, "rdIntensity_pct": 0.0, "capexToRevenue_pct": -2.07, "distressFlags": ["current_ratio_lt_1"], "totalRevenue_QoQ_growth_pct": 7.26, "netIncome_QoQ_growth_pct": 13.25, "totalRevenue_YoY_growth_pct": 7.26, "netIncome_YoY_growth_pct": 13.25}, "summary": "CAMECA (AMTEK) Annual 2023-12-31: Rev=6596950000.0, NI=1313188000.0, GM%=36.14, NM%=19.91", "source": "FMP"}
{"company": "CAMECA (AMTEK)", "freq": "Annual", "symbol": "AME", "fiscalDate": "2022-12-31", "metrics": {"fiscalDate": "2022-12-31", "totalRevenue": 6150530000.0, "grossProfit": 2145269000.0, "netIncome": 1159542000.0, "grossMargin_pct": 34.88, "netMargin_pct": 18.85, "operatingCashflow": 1149373000.0, "capitalExpenditures": -139005000.0, "freeCashFlow": 1288378000.0, "cashAndCashEquivalents": 345386000.0, "shortTermDebt": 272445000.0, "longTermDebt": 2288155000.0, "totalDebt": 2560600000.0, "totalLiabilities": 4954608000.0, "totalShareholderEquity": 7476512000.0, "totalCurrentAssets": 2528058000.0, "totalCurrentLiabilities": 1564202000.0, "debtToEquity": 0.6627, "currentRatio": 1.6162, "cashRatio": 0.2208, "researchAndDevelopment": 0.0, "rdIntensity_pct": 0.0, "capexToRevenue_pct": -2.26, "distressFlags": [], "totalRevenue_QoQ_growth_pct": 10.89, "netIncome_QoQ_growth_pct": 17.12, "totalRevenue_YoY_growth_pct": 10.89, "netIncome_YoY_growth_pct": 17.12}, "summary": "CAMECA (AMTEK) Annual 2022-12-31: Rev=6150530000.0, NI=1159542000.0, GM%=34.88, NM%=18.85", "source": "FMP"}
{"company": "CAMECA (AMTEK)", "freq": "Annual", "symbol": "AME", "fiscalDate": "2021-12-31", "metrics": {"fiscalDate": "2021-12-31", "totalRevenue": 5546514000.0, "grossProfit": 1912614000.0, "netIncome": 990053000.0, "grossMargin_pct": 34.48, "netMargin_pct": 17.85, "operatingCashflow": 1160457000.0, "capitalExpenditures": -110671000.0, "freeCashFlow": 1271128000.0, "cashAndCashEquivalents": 346772000.0, "shortTermDebt": 362446000.0, "longTermDebt": 2358249000.0, "totalDebt": 2720695000.0, "totalLiabilities": 5026303000.0, "totalShareholderEquity": 6871884000.0, "totalCurrentAssets": 2128765000.0, "totalCurrentLiabilities": 1563314000.0, "debtToEquity": 0.7314, "currentRatio": 1.3617, "cashRatio": 0.2218, "researchAndDevelopment": 0.0, "rdIntensity_pct": 0.0, "capexToRevenue_pct": -2.0, "distressFlags": [], "totalRevenue_QoQ_growth_pct": 22.17, "netIncome_QoQ_growth_pct": 13.48, "totalRevenue_YoY_growth_pct": 22.17, "netIncome_YoY_growth_pct": 13.48}, "summary": "CAMECA (AMTEK) Annual 2021-12-31: Rev=5546514000.0, NI=990053000.0, GM%=34.48, NM%=17.85", "source": "FMP"}
{"company": "CAMECA (AMTEK)", "freq": "Annual", "symbol": "AME", "fiscalDate": "2020-12-31", "metrics": {"fiscalDate": "2020-12-31", "totalRevenue": 4540029000.0, "grossProfit": 1543514000.0, "netIncome": 872439000.0, "grossMargin_pct": 34.0, "netMargin_pct": 19.22, "operatingCashflow": 1280980000.0, "capitalExpenditures": -74199000.0, "freeCashFlow": 1355179000.0, "cashAndCashEquivalents": 1212822000.0, "shortTermDebt": 177232000.0, "longTermDebt": 2281441000.0, "totalDebt": 2458673000.0, "totalLiabilities": 4408137000.0, "totalShareholderEquity": 5949346000.0, "totalCurrentAssets": 2522470000.0, "totalCurrentLiabilities": 1075915000.0, "debtToEquity": 0.7409, "currentRatio": 2.3445, "cashRatio": 1.1272, "researchAndDevelopment": 0.0, "rdIntensity_pct": 0.0, "capexToRevenue_pct": -1.63, "distressFlags": []}, "summary": "CAMECA (AMTEK) Annual 2020-12-31: Rev=4540029000.0, NI=872439000.0, GM%=34.0, NM%=19.22", "source": "FMP"}
