{"company": "AIXTRON", "symbol": "AIXA.DE", "freq": "Quarter", "fiscalDate": "2025-06-30", "metrics": {"fiscalDate": "2025-06-30", "totalRevenue": 137415000.0, "grossProfit": 55734000.0, "netIncome": 19220000.0, "grossMargin_pct": 40.56, "netMargin_pct": 13.99, "operatingCashflow": 49972000.0, "capitalExpenditures": -8663000.0, "freeCashFlow": 58635000.0, "cashAndCashEquivalents": 75026000.0, "shortTermDebt": null, "longTermDebt": null, "totalDebt": null, "totalLiabilities": 124629000.0, "totalShareholderEquity": 849059000.0, "totalCurrentAssets": 621610000.0, "totalCurrentLiabilities": 116532000.0, "debtToEquity": 0.1468, "currentRatio": 5.3342, "cashRatio": 0.6438, "researchAndDevelopment": 18367000.0, "rdIntensity_pct": 13.37, "capexToRevenue_pct": -6.3, "distressFlags": [], "totalRevenue_QoQ_growth_pct": 22.11, "netIncome_QoQ_growth_pct": 278.72, "totalRevenue_YoY_growth_pct": 4.28, "netIncome_YoY_growth_pct": 72.69}, "summary": "AIXTRON Quarter 2025-06-30: Rev=137415000.0, NI=19220000.0, GM%=40.56, NM%=13.99", "source": "YahooFinance"}
{"company": "AIXTRON", "symbol": "AIXA.DE", "freq": "Quarter", "fiscalDate": "2025-03-31", "metrics": {"fiscalDate": "2025-03-31", "totalRevenue": 112535000.0, "grossProfit": 34139000.0, "netIncome": 5075000.0, "grossMargin_pct": 30.34, "netMargin_pct": 4.51, "operatingCashflow": 35104000.0, "capitalExpenditures": -5458000.0, "freeCashFlow": 40562000.0, "cashAndCashEquivalents": 77677000.0, "shortTermDebt": null, "longTermDebt": null, "totalDebt": null, "totalLiabilities": 132698000.0, "totalShareholderEquity": 850687000.0, "totalCurrentAssets": 633498000.0, "totalCurrentLiabilities": 124256000.0, "debtToEquity": 0.156, "currentRatio": 5.0983, "cashRatio": 0.6251, "researchAndDevelopment": 17659000.0, "rdIntensity_pct": 15.69, "capexToRevenue_pct": -4.85, "distressFlags": [], "totalRevenue_QoQ_growth_pct": -50.37, "netIncome_QoQ_growth_pct": -90.5}, "summary": "AIXTRON Quarter 2025-03-31: Rev=112535000.0, NI=5075000.0, GM%=30.34, NM%=4.51", "source": "YahooFinance"}
{"company": "AIXTRON", "symbol": "AIXA.DE", "freq": "Quarter", "fiscalDate": "2024-12-31", "metrics": {"fiscalDate": "2024-12-31", "totalRevenue": 226739000.0, "grossProfit": 102478000.0, "netIncome": 53404000.0, "grossMargin_pct": 45.2, "netMargin_pct": 23.55, "operatingCashflow": -1980000.0, "capitalExpenditures": -12435000.0, "freeCashFlow": 10455000.0, "cashAndCashEquivalents": 64087000.0, "shortTermDebt": 1919000.0, "longTermDebt": 3103000.0, "totalDebt": 5022000.0, "totalLiabilities": 170344000.0, "totalShareholderEquity": 848043000.0, "totalCurrentAssets": 671334000.0, "totalCurrentLiabilities": 162885000.0, "debtToEquity": 0.2009, "currentRatio": 4.1215, "cashRatio": 0.3934, "researchAndDevelopment": 22655000.0, "rdIntensity_pct": 9.99, "capexToRevenue_pct": -5.48, "distressFlags": [], "totalRevenue_QoQ_growth_pct": 45.04, "netIncome_QoQ_growth_pct": 72.81}, "summary": "AIXTRON Quarter 2024-12-31: Rev=226739000.0, NI=53404000.0, GM%=45.2, NM%=23.55", "source": "YahooFinance"}
{"company": "AIXTRON", "symbol": "AIXA.DE", "freq": "Quarter", "fiscalDate": "2024-09-30", "metrics": {"fiscalDate": "2024-09-30", "totalRevenue": 156326000.0, "grossProfit": 67093000.0, "netIncome": 30904000.0, "grossMargin_pct": 42.92, "netMargin_pct": 19.77, "operatingCashflow": 15435000.0, "capitalExpenditures": -17023000.0, "freeCashFlow": 32458000.0, "cashAndCashEquivalents": 77579000.0, "shortTermDebt": null, "longTermDebt": null, "totalDebt": null, "totalLiabilities": 212355000.0, "totalShareholderEquity": 789850000.0, "totalCurrentAssets": 657729000.0, "totalCurrentLiabilities": 205059000.0, "debtToEquity": 0.2689, "currentRatio": 3.2075, "cashRatio": 0.3783, "researchAndDevelopment": 21203000.0, "rdIntensity_pct": 13.56, "capexToRevenue_pct": -10.89, "distressFlags": [], "totalRevenue_QoQ_growth_pct": 18.63, "netIncome_QoQ_growth_pct": 177.66}, "summary": "AIXTRON Quarter 2024-09-30: Rev=156326000.0, NI=30904000.0, GM%=42.92, NM%=19.77", "source": "YahooFinance"}
{"company": "AIXTRON", "symbol": "AIXA.DE", "freq": "Quarter", "fiscalDate": "2024-06-30", "metrics": {"fiscalDate": "2024-06-30", "totalRevenue": 131779000.0, "grossProfit": 49112000.0, "netIncome": 11130000.0, "grossMargin_pct": 37.27, "netMargin_pct": 8.45, "operatingCashflow": 20165000.0, "capitalExpenditures": -43517000.0, "freeCashFlow": 63682000.0, "cashAndCashEquivalents": 78884000.0, "shortTermDebt": null, "longTermDebt": null, "totalDebt": null, "totalLiabilities": 254098000.0, "totalShareholderEquity": 758123000.0, "totalCurrentAssets": 679675000.0, "totalCurrentLiabilities": 246554000.0, "debtToEquity": 0.3352, "currentRatio": 2.7567, "cashRatio": 0.3199, "researchAndDevelopment": 24567000.0, "rdIntensity_pct": 18.64, "capexToRevenue_pct": -33.02, "distressFlags": []}, "summary": "AIXTRON Quarter 2024-06-30: Rev=131779000.0, NI=11130000.0, GM%=37.27, NM%=8.45", "source": "YahooFinance"}
{"company": "AIXTRON", "symbol": "AIXA.DE", "freq": "Quarter", "fiscalDate": "2024-03-31", "metrics": {"fiscalDate": "2024-03-31", "totalRevenue": null, "grossProfit": null, "netIncome": null, "grossMargin_pct": null, "netMargin_pct": null, "operatingCashflow": null, "capitalExpenditures": null, "freeCashFlow": null, "cashAndCashEquivalents": null, "shortTermDebt": null, "longTermDebt": null, "totalDebt": null, "totalLiabilities": null, "totalShareholderEquity": null, "totalCurrentAssets": null, "totalCurrentLiabilities": null, "debtToEquity": null, "currentRatio": null, "cashRatio": null, "researchAndDevelopment": null, "rdIntensity_pct": null, "capexToRevenue_pct": null, "distressFlags": []}, "summary": "AIXTRON Quarter 2024-03-31: Rev=None, NI=None, GM%=None, NM%=None", "source": "YahooFinance"}
{"company": "AIXTRON", "symbol": "AIXA.DE", "freq": "Quarter", "fiscalDate": "2023-12-31", "metrics": {"fiscalDate": "2023-12-31", "totalRevenue": null, "grossProfit": null, "netIncome": null, "grossMargin_pct": null, "netMargin_pct": null, "operatingCashflow": null, "capitalExpenditures": null, "freeCashFlow": null, "cashAndCashEquivalents": null, "shortTermDebt": 1633000.0, "longTermDebt": 3803000.0, "totalDebt": 5436000.0, "totalLiabilities": null, "totalShareholderEquity": null, "totalCurrentAssets": null, "totalCurrentLiabilities": null, "debtToEquity": null, "currentRatio": null, "cashRatio": null, "researchAndDevelopment": null, "rdIntensity_pct": null, "capexToRevenue_pct": null, "distressFlags": []}, "summary": "AIXTRON Quarter 2023-12-31: Rev=None, NI=None, GM%=None, NM%=None", "source": "YahooFinance"}
{"company": "AIXTRON", "symbol": "AIXA.DE", "freq": "Annual", "fiscalDate": "2024-12-31", "metrics": {"fiscalDate": "2024-12-31", "totalRevenue": 633159000.0, "grossProfit": 262471000.0, "netIncome": 106283000.0, "grossMargin_pct": 41.45, "netMargin_pct": 16.79, "operatingCashflow": 26225000.0, "capitalExpenditures": -98699000.0, "freeCashFlow": 124924000.0, "cashAndCashEquivalents": 64087000.0, "shortTermDebt": 1919000.0, "longTermDebt": 3103000.0, "totalDebt": 5022000.0, "totalLiabilities": 170344000.0, "totalShareholderEquity": 848043000.0, "totalCurrentAssets": 671334000.0, "totalCurrentLiabilities": 162885000.0, "debtToEquity": 0.2009, "currentRatio": 4.1215, "cashRatio": 0.3934, "researchAndDevelopment": 91365000.0, "rdIntensity_pct": 14.43, "capexToRevenue_pct": -15.59, "distressFlags": [], "totalRevenue_QoQ_growth_pct": 0.52, "netIncome_QoQ_growth_pct": -26.79, "totalRevenue_YoY_growth_pct": 0.52, "netIncome_YoY_growth_pct": -26.79}, "summary": "AIXTRON Annual 2024-12-31: Rev=633159000.0, NI=106283000.0, GM%=41.45, NM%=16.79", "source": "YahooFinance"}
{"company": "AIXTRON", "symbol": "AIXA.DE", "freq": "Annual", "fiscalDate": "2023-12-31", "metrics": {"fiscalDate": "2023-12-31", "totalRevenue": 629879000.0, "grossProfit": 279032000.0, "netIncome": 145185000.0, "grossMargin_pct": 44.3, "netMargin_pct": 23.05, "operatingCashflow": -47289000.0, "capitalExpenditures": -62645000.0, "freeCashFlow": 15356000.0, "cashAndCashEquivalents": 98022000.0, "shortTermDebt": 1633000.0, "longTermDebt": 3803000.0, "totalDebt": 5436000.0, "totalLiabilities": 252368000.0, "totalShareholderEquity": 777578000.0, "totalCurrentAssets": 763668000.0, "totalCurrentLiabilities": 244625000.0, "debtToEquity": 0.3246, "currentRatio": 3.1218, "cashRatio": 0.4007, "researchAndDevelopment": 87681000.0, "rdIntensity_pct": 13.92, "capexToRevenue_pct": -9.95, "distressFlags": [], "totalRevenue_QoQ_growth_pct": 35.99, "netIncome_QoQ_growth_pct": 44.55, "totalRevenue_YoY_growth_pct": 35.99, "netIncome_YoY_growth_pct": 44.55}, "summary": "AIXTRON Annual 2023-12-31: Rev=629879000.0, NI=145185000.0, GM%=44.3, NM%=23.05", "source": "YahooFinance"}
{"company": "AIXTRON", "symbol": "AIXA.DE", "freq": "Annual", "fiscalDate": "2022-12-31", "metrics": {"fiscalDate": "2022-12-31", "totalRevenue": 463167000.0, "grossProfit": 195271000.0, "netIncome": 100437000.0, "grossMargin_pct": 42.16, "netMargin_pct": 21.68, "operatingCashflow": 37139000.0, "capitalExpenditures": -29662000.0, "freeCashFlow": 66801000.0, "cashAndCashEquivalents": 104751000.0, "shortTermDebt": 2088000.0, "longTermDebt": 5874000.0, "totalDebt": 7962000.0, "totalLiabilities": 239260000.0, "totalShareholderEquity": 663317000.0, "totalCurrentAssets": 692907000.0, "totalCurrentLiabilities": 229268000.0, "debtToEquity": 0.3607, "currentRatio": 3.0223, "cashRatio": 0.4569, "researchAndDevelopment": 57726000.0, "rdIntensity_pct": 12.46, "capexToRevenue_pct": -6.4, "distressFlags": [], "totalRevenue_QoQ_growth_pct": 7.98, "netIncome_QoQ_growth_pct": 4.99, "totalRevenue_YoY_growth_pct": 7.98, "netIncome_YoY_growth_pct": 4.99}, "summary": "AIXTRON Annual 2022-12-31: Rev=463167000.0, NI=100437000.0, GM%=42.16, NM%=21.68", "source": "YahooFinance"}
{"company": "AIXTRON", "symbol": "AIXA.DE", "freq": "Annual", "fiscalDate": "2021-12-31", "metrics": {"fiscalDate": "2021-12-31", "totalRevenue": 428954000.0, "grossProfit": 181479000.0, "netIncome": 95660000.0, "grossMargin_pct": 42.31, "netMargin_pct": 22.3, "operatingCashflow": 66366000.0, "capitalExpenditures": -17448000.0, "freeCashFlow": 83814000.0, "cashAndCashEquivalents": 150863000.0, "shortTermDebt": 979000.0, "longTermDebt": 3052000.0, "totalDebt": 4031000.0, "totalLiabilities": 148530000.0, "totalShareholderEquity": 592166000.0, "totalCurrentAssets": 566680000.0, "totalCurrentLiabilities": 140059000.0, "debtToEquity": 0.2508, "currentRatio": 4.046, "cashRatio": 1.0771, "researchAndDevelopment": 56809000.0, "rdIntensity_pct": 13.24, "capexToRevenue_pct": -4.07, "distressFlags": []}, "summary": "AIXTRON Annual 2021-12-31: Rev=428954000.0, NI=95660000.0, GM%=42.31, NM%=22.3", "source": "YahooFinance"}
{"company": "AIXTRON", "symbol": "AIXA.DE", "freq": "Annual", "fiscalDate": "2020-12-31", "metrics": {"fiscalDate": "2020-12-31", "totalRevenue": null, "grossProfit": null, "netIncome": null, "grossMargin_pct": null, "netMargin_pct": null, "operatingCashflow": null, "capitalExpenditures": null, "freeCashFlow": null, "cashAndCashEquivalents": null, "shortTermDebt": null, "longTermDebt": null, "totalDebt": null, "totalLiabilities": null, "totalShareholderEquity": null, "totalCurrentAssets": null, "totalCurrentLiabilities": null, "debtToEquity": null, "currentRatio": null, "cashRatio": null, "researchAndDevelopment": null, "rdIntensity_pct": null, "capexToRevenue_pct": null, "distressFlags": []}, "summary": "AIXTRON Annual 2020-12-31: Rev=None, NI=None, GM%=None, NM%=None", "source": "YahooFinance"}
{"company": "AMAT", "symbol": "AMAT", "freq": "Quarter", "fiscalDate": "2025-04-30", "metrics": {"fiscalDate": "2025-04-30", "totalRevenue": 7100000000.0, "grossProfit": 3485000000.0, "netIncome": 2137000000.0, "grossMargin_pct": 49.08, "netMargin_pct": 30.1, "operatingCashflow": 1571000000.0, "capitalExpenditures": -510000000.0, "freeCashFlow": 2081000000.0, "cashAndCashEquivalents": 6169000000.0, "shortTermDebt": 880000000.0, "longTermDebt": 5462000000.0, "totalDebt": 6342000000.0, "totalLiabilities": 14671000000.0, "totalShareholderEquity": 18961000000.0, "totalCurrentAssets": 19708000000.0, "totalCurrentLiabilities": 7996000000.0, "debtToEquity": 0.7737, "currentRatio": 2.4647, "cashRatio": 0.7715, "researchAndDevelopment": 893000000.0, "rdIntensity_pct": 12.58, "capexToRevenue_pct": -7.18, "distressFlags": [], "totalRevenue_QoQ_growth_pct": -0.92, "netIncome_QoQ_growth_pct": 80.34, "totalRevenue_YoY_growth_pct": 6.83, "netIncome_YoY_growth_pct": 24.1}, "summary": "AMAT Quarter 2025-04-30: Rev=7100000000.0, NI=2137000000.0, GM%=49.08, NM%=30.1", "source": "YahooFinance"}
{"company": "AMAT", "symbol": "AMAT", "freq": "Quarter", "fiscalDate": "2025-01-31", "metrics": {"fiscalDate": "2025-01-31", "totalRevenue": 7166000000.0, "grossProfit": 3496000000.0, "netIncome": 1185000000.0, "grossMargin_pct": 48.79, "netMargin_pct": 16.54, "operatingCashflow": 925000000.0, "capitalExpenditures": -381000000.0, "freeCashFlow": 1306000000.0, "cashAndCashEquivalents": 6264000000.0, "shortTermDebt": 880000000.0, "longTermDebt": 5461000000.0, "totalDebt": 6341000000.0, "totalLiabilities": 14713000000.0, "totalShareholderEquity": 18625000000.0, "totalCurrentAssets": 20694000000.0, "totalCurrentLiabilities": 7736000000.0, "debtToEquity": 0.79, "currentRatio": 2.675, "cashRatio": 0.8097, "researchAndDevelopment": 859000000.0, "rdIntensity_pct": 11.99, "capexToRevenue_pct": -5.32, "distressFlags": [], "totalRevenue_QoQ_growth_pct": 1.72, "netIncome_QoQ_growth_pct": -31.54}, "summary": "AMAT Quarter 2025-01-31: Rev=7166000000.0, NI=1185000000.0, GM%=48.79, NM%=16.54", "source": "YahooFinance"}
{"company": "AMAT", "symbol": "AMAT", "freq": "Quarter", "fiscalDate": "2024-10-31", "metrics": {"fiscalDate": "2024-10-31", "totalRevenue": 7045000000.0, "grossProfit": 3335000000.0, "netIncome": 1731000000.0, "grossMargin_pct": 47.34, "netMargin_pct": 24.57, "operatingCashflow": 2575000000.0, "capitalExpenditures": -407000000.0, "freeCashFlow": 2982000000.0, "cashAndCashEquivalents": 8022000000.0, "shortTermDebt": 887000000.0, "longTermDebt": 5460000000.0, "totalDebt": 6347000000.0, "totalLiabilities": 15408000000.0, "totalShareholderEquity": 19001000000.0, "totalCurrentAssets": 21220000000.0, "totalCurrentLiabilities": 8468000000.0, "debtToEquity": 0.8109, "currentRatio": 2.5059, "cashRatio": 0.9473, "researchAndDevelopment": 858000000.0, "rdIntensity_pct": 12.18, "capexToRevenue_pct": -5.78, "distressFlags": [], "totalRevenue_QoQ_growth_pct": 3.94, "netIncome_QoQ_growth_pct": 1.52}, "summary": "AMAT Quarter 2024-10-31: Rev=7045000000.0, NI=1731000000.0, GM%=47.34, NM%=24.57", "source": "YahooFinance"}
{"company": "AMAT", "symbol": "AMAT", "freq": "Quarter", "fiscalDate": "2024-07-31", "metrics": {"fiscalDate": "2024-07-31", "totalRevenue": 6778000000.0, "grossProfit": 3205000000.0, "netIncome": 1705000000.0, "grossMargin_pct": 47.29, "netMargin_pct": 25.15, "operatingCashflow": 2385000000.0, "capitalExpenditures": -297000000.0, "freeCashFlow": 2682000000.0, "cashAndCashEquivalents": 8288000000.0, "shortTermDebt": 274000000.0, "longTermDebt": 6158000000.0, "totalDebt": 6432000000.0, "totalLiabilities": 14807000000.0, "totalShareholderEquity": 18840000000.0, "totalCurrentAssets": 20671000000.0, "totalCurrentLiabilities": 7228000000.0, "debtToEquity": 0.7859, "currentRatio": 2.8599, "cashRatio": 1.1467, "researchAndDevelopment": 836000000.0, "rdIntensity_pct": 12.33, "capexToRevenue_pct": -4.38, "distressFlags": [], "totalRevenue_QoQ_growth_pct": 1.99, "netIncome_QoQ_growth_pct": -0.99}, "summary": "AMAT Quarter 2024-07-31: Rev=6778000000.0, NI=1705000000.0, GM%=47.29, NM%=25.15", "source": "YahooFinance"}
{"company": "AMAT", "symbol": "AMAT", "freq": "Quarter", "fiscalDate": "2024-04-30", "metrics": {"fiscalDate": "2024-04-30", "totalRevenue": 6646000000.0, "grossProfit": 3153000000.0, "netIncome": 1722000000.0, "grossMargin_pct": 47.44, "netMargin_pct": 25.91, "operatingCashflow": 1392000000.0, "capitalExpenditures": -257000000.0, "freeCashFlow": 1649000000.0, "cashAndCashEquivalents": 7085000000.0, "shortTermDebt": 275000000.0, "longTermDebt": 5463000000.0, "totalDebt": 5738000000.0, "totalLiabilities": 13750000000.0, "totalShareholderEquity": 18199000000.0, "totalCurrentAssets": 19265000000.0, "totalCurrentLiabilities": 6884000000.0, "debtToEquity": 0.7555, "currentRatio": 2.7985, "cashRatio": 1.0292, "researchAndDevelopment": 785000000.0, "rdIntensity_pct": 11.81, "capexToRevenue_pct": -3.87, "distressFlags": []}, "summary": "AMAT Quarter 2024-04-30: Rev=6646000000.0, NI=1722000000.0, GM%=47.44, NM%=25.91", "source": "YahooFinance"}
{"company": "AMAT", "symbol": "AMAT", "freq": "Quarter", "fiscalDate": "2024-01-31", "metrics": {"fiscalDate": "2024-01-31", "totalRevenue": null, "grossProfit": null, "netIncome": null, "grossMargin_pct": null, "netMargin_pct": null, "operatingCashflow": null, "capitalExpenditures": null, "freeCashFlow": null, "cashAndCashEquivalents": null, "shortTermDebt": null, "longTermDebt": null, "totalDebt": null, "totalLiabilities": null, "totalShareholderEquity": null, "totalCurrentAssets": null, "totalCurrentLiabilities": null, "debtToEquity": null, "currentRatio": null, "cashRatio": null, "researchAndDevelopment": null, "rdIntensity_pct": null, "capexToRevenue_pct": null, "distressFlags": []}, "summary": "AMAT Quarter 2024-01-31: Rev=None, NI=None, GM%=None, NM%=None", "source": "YahooFinance"}
{"company": "AMAT", "symbol": "AMAT", "freq": "Annual", "fiscalDate": "2024-10-31", "metrics": {"fiscalDate": "2024-10-31", "totalRevenue": 27176000000.0, "grossProfit": 12897000000.0, "netIncome": 7177000000.0, "grossMargin_pct": 47.46, "netMargin_pct": 26.41, "operatingCashflow": 8677000000.0, "capitalExpenditures": -1190000000.0, "freeCashFlow": 9867000000.0, "cashAndCashEquivalents": 8022000000.0, "shortTermDebt": 887000000.0, "longTermDebt": 5460000000.0, "totalDebt": 6347000000.0, "totalLiabilities": 15408000000.0, "totalShareholderEquity": 19001000000.0, "totalCurrentAssets": 21220000000.0, "totalCurrentLiabilities": 8468000000.0, "debtToEquity": 0.8109, "currentRatio": 2.5059, "cashRatio": 0.9473, "researchAndDevelopment": 3233000000.0, "rdIntensity_pct": 11.9, "capexToRevenue_pct": -4.38, "distressFlags": [], "totalRevenue_QoQ_growth_pct": 2.49, "netIncome_QoQ_growth_pct": 4.68, "totalRevenue_YoY_growth_pct": 2.49, "netIncome_YoY_growth_pct": 4.68}, "summary": "AMAT Annual 2024-10-31: Rev=27176000000.0, NI=7177000000.0, GM%=47.46, NM%=26.41", "source": "YahooFinance"}
{"company": "AMAT", "symbol": "AMAT", "freq": "Annual", "fiscalDate": "2023-10-31", "metrics": {"fiscalDate": "2023-10-31", "totalRevenue": 26517000000.0, "grossProfit": 12384000000.0, "netIncome": 6856000000.0, "grossMargin_pct": 46.7, "netMargin_pct": 25.86, "operatingCashflow": 8700000000.0, "capitalExpenditures": -1106000000.0, "freeCashFlow": 9806000000.0, "cashAndCashEquivalents": 6132000000.0, "shortTermDebt": 286000000.0, "longTermDebt": 5461000000.0, "totalDebt": 5747000000.0, "totalLiabilities": 14380000000.0, "totalShareholderEquity": 16349000000.0, "totalCurrentAssets": 19147000000.0, "totalCurrentLiabilities": 7372000000.0, "debtToEquity": 0.8796, "currentRatio": 2.5973, "cashRatio": 0.8318, "researchAndDevelopment": 3102000000.0, "rdIntensity_pct": 11.7, "capexToRevenue_pct": -4.17, "distressFlags": [], "totalRevenue_QoQ_growth_pct": 2.84, "netIncome_QoQ_growth_pct": 5.07, "totalRevenue_YoY_growth_pct": 2.84, "netIncome_YoY_growth_pct": 5.07}, "summary": "AMAT Annual 2023-10-31: Rev=26517000000.0, NI=6856000000.0, GM%=46.7, NM%=25.86", "source": "YahooFinance"}
{"company": "AMAT", "symbol": "AMAT", "freq": "Annual", "fiscalDate": "2022-10-31", "metrics": {"fiscalDate": "2022-10-31", "totalRevenue": 25785000000.0, "grossProfit": 11993000000.0, "netIncome": 6525000000.0, "grossMargin_pct": 46.51, "netMargin_pct": 25.31, "operatingCashflow": 5399000000.0, "capitalExpenditures": -787000000.0, "freeCashFlow": 6186000000.0, "cashAndCashEquivalents": 1995000000.0, "shortTermDebt": 85000000.0, "longTermDebt": 5457000000.0, "totalDebt": 5542000000.0, "totalLiabilities": 14532000000.0, "totalShareholderEquity": 12194000000.0, "totalCurrentAssets": 15925000000.0, "totalCurrentLiabilities": 7379000000.0, "debtToEquity": 1.1917, "currentRatio": 2.1582, "cashRatio": 0.2704, "researchAndDevelopment": 2771000000.0, "rdIntensity_pct": 10.75, "capexToRevenue_pct": -3.05, "distressFlags": [], "totalRevenue_QoQ_growth_pct": 11.8, "netIncome_QoQ_growth_pct": 10.82, "totalRevenue_YoY_growth_pct": 11.8, "netIncome_YoY_growth_pct": 10.82}, "summary": "AMAT Annual 2022-10-31: Rev=25785000000.0, NI=6525000000.0, GM%=46.51, NM%=25.31", "source": "YahooFinance"}
{"company": "AMAT", "symbol": "AMAT", "freq": "Annual", "fiscalDate": "2021-10-31", "metrics": {"fiscalDate": "2021-10-31", "totalRevenue": 23063000000.0, "grossProfit": 10914000000.0, "netIncome": 5888000000.0, "grossMargin_pct": 47.32, "netMargin_pct": 25.53, "operatingCashflow": 5442000000.0, "capitalExpenditures": -668000000.0, "freeCashFlow": 6110000000.0, "cashAndCashEquivalents": 4995000000.0, "shortTermDebt": 73000000.0, "longTermDebt": 5452000000.0, "totalDebt": 5525000000.0, "totalLiabilities": 13578000000.0, "totalShareholderEquity": 12247000000.0, "totalCurrentAssets": 16107000000.0, "totalCurrentLiabilities": 6344000000.0, "debtToEquity": 1.1087, "currentRatio": 2.5389, "cashRatio": 0.7874, "researchAndDevelopment": 2485000000.0, "rdIntensity_pct": 10.77, "capexToRevenue_pct": -2.9, "distressFlags": []}, "summary": "AMAT Annual 2021-10-31: Rev=23063000000.0, NI=5888000000.0, GM%=47.32, NM%=25.53", "source": "YahooFinance"}
{"company": "AMAT", "symbol": "AMAT", "freq": "Annual", "fiscalDate": "2020-10-31", "metrics": {"fiscalDate": "2020-10-31", "totalRevenue": null, "grossProfit": null, "netIncome": null, "grossMargin_pct": null, "netMargin_pct": null, "operatingCashflow": null, "capitalExpenditures": null, "freeCashFlow": null, "cashAndCashEquivalents": null, "shortTermDebt": null, "longTermDebt": null, "totalDebt": null, "totalLiabilities": null, "totalShareholderEquity": null, "totalCurrentAssets": null, "totalCurrentLiabilities": null, "debtToEquity": null, "currentRatio": null, "cashRatio": null, "researchAndDevelopment": null, "rdIntensity_pct": null, "capexToRevenue_pct": null, "distressFlags": []}, "summary": "AMAT Annual 2020-10-31: Rev=None, NI=None, GM%=None, NM%=None", "source": "YahooFinance"}
{"company": "AJ", "symbol": "2802.T", "freq": "Quarter", "fiscalDate": "2025-03-31", "metrics": {"fiscalDate": "2025-03-31", "totalRevenue": null, "grossProfit": null, "netIncome": null, "grossMargin_pct": null, "netMargin_pct": null, "operatingCashflow": null, "capitalExpenditures": null, "freeCashFlow": null, "cashAndCashEquivalents": 164776000000.0, "shortTermDebt": 39146000000.0, "longTermDebt": 416207000000.0, "totalDebt": 455353000000.0, "totalLiabilities": 907858000000.0, "totalShareholderEquity": 813273000000.0, "totalCurrentAssets": 701298000000.0, "totalCurrentLiabilities": 384588000000.0, "debtToEquity": 1.1163, "currentRatio": 1.8235, "cashRatio": 0.4284, "researchAndDevelopment": null, "rdIntensity_pct": null, "capexToRevenue_pct": null, "distressFlags": []}, "summary": "AJ Quarter 2025-03-31: Rev=None, NI=None, GM%=None, NM%=None", "source": "YahooFinance"}
{"company": "AJ", "symbol": "2802.T", "freq": "Quarter", "fiscalDate": "2024-09-30", "metrics": {"fiscalDate": "2024-09-30", "totalRevenue": null, "grossProfit": null, "netIncome": null, "grossMargin_pct": null, "netMargin_pct": null, "operatingCashflow": null, "capitalExpenditures": null, "freeCashFlow": null, "cashAndCashEquivalents": 176542000000.0, "shortTermDebt": 48972000000.0, "longTermDebt": 442401000000.0, "totalDebt": 491373000000.0, "totalLiabilities": 900681000000.0, "totalShareholderEquity": 833266000000.0, "totalCurrentAssets": 705370000000.0, "totalCurrentLiabilities": 333881000000.0, "debtToEquity": 1.0809, "currentRatio": 2.1126, "cashRatio": 0.5288, "researchAndDevelopment": null, "rdIntensity_pct": null, "capexToRevenue_pct": null, "distressFlags": []}, "summary": "AJ Quarter 2024-09-30: Rev=None, NI=None, GM%=None, NM%=None", "source": "YahooFinance"}
{"company": "AJ", "symbol": "2802.T", "freq": "Quarter", "fiscalDate": "2024-06-30", "metrics": {"fiscalDate": "2024-06-30", "totalRevenue": null, "grossProfit": null, "netIncome": null, "grossMargin_pct": null, "netMargin_pct": null, "operatingCashflow": null, "capitalExpenditures": null, "freeCashFlow": null, "cashAndCashEquivalents": null, "shortTermDebt": null, "longTermDebt": null, "totalDebt": null, "totalLiabilities": null, "totalShareholderEquity": null, "totalCurrentAssets": null, "totalCurrentLiabilities": null, "debtToEquity": null, "currentRatio": null, "cashRatio": null, "researchAndDevelopment": null, "rdIntensity_pct": null, "capexToRevenue_pct": null, "distressFlags": []}, "summary": "AJ Quarter 2024-06-30: Rev=None, NI=None, GM%=None, NM%=None", "source": "YahooFinance"}
{"company": "AJ", "symbol": "2802.T", "freq": "Quarter", "fiscalDate": "2024-03-31", "metrics": {"fiscalDate": "2024-03-31", "totalRevenue": 371586000000.0, "grossProfit": 127026000000.0, "netIncome": 9519000000.0, "grossMargin_pct": 34.18, "netMargin_pct": 2.56, "operatingCashflow": 64628000000.0, "capitalExpenditures": -19925000000.0, "freeCashFlow": 84553000000.0, "cashAndCashEquivalents": 171537000000.0, "shortTermDebt": 188270000000.0, "longTermDebt": 254224000000.0, "totalDebt": 442494000000.0, "totalLiabilities": 883923000000.0, "totalShareholderEquity": 884448000000.0, "totalCurrentAssets": 709632000000.0, "totalCurrentLiabilities": 501569000000.0, "debtToEquity": 0.9994, "currentRatio": 1.4148, "cashRatio": 0.342, "researchAndDevelopment": 8545000000.0, "rdIntensity_pct": 2.3, "capexToRevenue_pct": -5.36, "distressFlags": [], "totalRevenue_QoQ_growth_pct": -2.12, "netIncome_QoQ_growth_pct": -69.44}, "summary": "AJ Quarter 2024-03-31: Rev=371586000000.0, NI=9519000000.0, GM%=34.18, NM%=2.56", "source": "YahooFinance"}
{"company": "AJ", "symbol": "2802.T", "freq": "Quarter", "fiscalDate": "2023-12-31", "metrics": {"fiscalDate": "2023-12-31", "totalRevenue": 379641000000.0, "grossProfit": 139849000000.0, "netIncome": 31145000000.0, "grossMargin_pct": 36.84, "netMargin_pct": 8.2, "operatingCashflow": 49966000000.0, "capitalExpenditures": -17985000000.0, "freeCashFlow": 67951000000.0, "cashAndCashEquivalents": 230761000000.0, "shortTermDebt": 284850000000.0, "longTermDebt": 236362000000.0, "totalDebt": 521212000000.0, "totalLiabilities": 918570000000.0, "totalShareholderEquity": 866956000000.0, "totalCurrentAssets": 771596000000.0, "totalCurrentLiabilities": 563428000000.0, "debtToEquity": 1.0595, "currentRatio": 1.3695, "cashRatio": 0.4096, "researchAndDevelopment": 6404000000.0, "rdIntensity_pct": 1.69, "capexToRevenue_pct": -4.74, "distressFlags": []}, "summary": "AJ Quarter 2023-12-31: Rev=379641000000.0, NI=31145000000.0, GM%=36.84, NM%=8.2", "source": "YahooFinance"}
{"company": "AJ", "symbol": "2802.T", "freq": "Annual", "fiscalDate": "2025-03-31", "metrics": {"fiscalDate": "2025-03-31", "totalRevenue": 1530556000000.0, "grossProfit": 550764000000.0, "netIncome": 70272000000.0, "grossMargin_pct": 35.98, "netMargin_pct": 4.59, "operatingCashflow": 209898000000.0, "capitalExpenditures": -95090000000.0, "freeCashFlow": 304988000000.0, "cashAndCashEquivalents": 164776000000.0, "shortTermDebt": 39146000000.0, "longTermDebt": 416207000000.0, "totalDebt": 455353000000.0, "totalLiabilities": 907858000000.0, "totalShareholderEquity": 813273000000.0, "totalCurrentAssets": 701298000000.0, "totalCurrentLiabilities": 384588000000.0, "debtToEquity": 1.1163, "currentRatio": 1.8235, "cashRatio": 0.4284, "researchAndDevelopment": 30921000000.0, "rdIntensity_pct": 2.02, "capexToRevenue_pct": -6.21, "distressFlags": [], "totalRevenue_QoQ_growth_pct": 6.35, "netIncome_QoQ_growth_pct": -19.34, "totalRevenue_YoY_growth_pct": 6.35, "netIncome_YoY_growth_pct": -19.34}, "summary": "AJ Annual 2025-03-31: Rev=1530556000000.0, NI=70272000000.0, GM%=35.98, NM%=4.59", "source": "YahooFinance"}
{"company": "AJ", "symbol": "2802.T", "freq": "Annual", "fiscalDate": "2024-03-31", "metrics": {"fiscalDate": "2024-03-31", "totalRevenue": 1439231000000.0, "grossProfit": 511448000000.0, "netIncome": 87121000000.0, "grossMargin_pct": 35.54, "netMargin_pct": 6.05, "operatingCashflow": 168074000000.0, "capitalExpenditures": -72022000000.0, "freeCashFlow": 240096000000.0, "cashAndCashEquivalents": 171537000000.0, "shortTermDebt": 188270000000.0, "longTermDebt": 254224000000.0, "totalDebt": 442494000000.0, "totalLiabilities": 883923000000.0, "totalShareholderEquity": 884448000000.0, "totalCurrentAssets": 709632000000.0, "totalCurrentLiabilities": 501569000000.0, "debtToEquity": 0.9994, "currentRatio": 1.4148, "cashRatio": 0.342, "researchAndDevelopment": 28766000000.0, "rdIntensity_pct": 2.0, "capexToRevenue_pct": -5.0, "distressFlags": [], "totalRevenue_QoQ_growth_pct": 5.89, "netIncome_QoQ_growth_pct": -7.38, "totalRevenue_YoY_growth_pct": 5.89, "netIncome_YoY_growth_pct": -7.38}, "summary": "AJ Annual 2024-03-31: Rev=1439231000000.0, NI=87121000000.0, GM%=35.54, NM%=6.05", "source": "YahooFinance"}
{"company": "AJ", "symbol": "2802.T", "freq": "Annual", "fiscalDate": "2023-03-31", "metrics": {"fiscalDate": "2023-03-31", "totalRevenue": 1359115000000.0, "grossProfit": 470387000000.0, "netIncome": 94065000000.0, "grossMargin_pct": 34.61, "netMargin_pct": 6.92, "operatingCashflow": 117640000000.0, "capitalExpenditures": -73046000000.0, "freeCashFlow": 190686000000.0, "cashAndCashEquivalents": 132777000000.0, "shortTermDebt": 49320000000.0, "longTermDebt": 239244000000.0, "totalDebt": 288564000000.0, "totalLiabilities": 688766000000.0, "totalShareholderEquity": 822968000000.0, "totalCurrentAssets": 615537000000.0, "totalCurrentLiabilities": 339644000000.0, "debtToEquity": 0.8369, "currentRatio": 1.8123, "cashRatio": 0.3909, "researchAndDevelopment": 25867000000.0, "rdIntensity_pct": 1.9, "capexToRevenue_pct": -5.37, "distressFlags": [], "totalRevenue_QoQ_growth_pct": 18.25, "netIncome_QoQ_growth_pct": 24.22, "totalRevenue_YoY_growth_pct": 18.25, "netIncome_YoY_growth_pct": 24.22}, "summary": "AJ Annual 2023-03-31: Rev=1359115000000.0, NI=94065000000.0, GM%=34.61, NM%=6.92", "source": "YahooFinance"}
{"company": "AJ", "symbol": "2802.T", "freq": "Annual", "fiscalDate": "2022-03-31", "metrics": {"fiscalDate": "2022-03-31", "totalRevenue": 1149370000000.0, "grossProfit": 425897000000.0, "netIncome": 75725000000.0, "grossMargin_pct": 37.05, "netMargin_pct": 6.59, "operatingCashflow": 145576000000.0, "capitalExpenditures": -80719000000.0, "freeCashFlow": 226295000000.0, "cashAndCashEquivalents": 151454000000.0, "shortTermDebt": 42627000000.0, "longTermDebt": 271281000000.0, "totalDebt": 313908000000.0, "totalLiabilities": 717316000000.0, "totalShareholderEquity": 739744000000.0, "totalCurrentAssets": 581419000000.0, "totalCurrentLiabilities": 324631000000.0, "debtToEquity": 0.9697, "currentRatio": 1.791, "cashRatio": 0.4665, "researchAndDevelopment": 24842000000.0, "rdIntensity_pct": 2.16, "capexToRevenue_pct": -7.02, "distressFlags": []}, "summary": "AJ Annual 2022-03-31: Rev=1149370000000.0, NI=75725000000.0, GM%=37.05, NM%=6.59", "source": "YahooFinance"}
{"company": "AJ", "symbol": "2802.T", "freq": "Annual", "fiscalDate": "2021-03-31", "metrics": {"fiscalDate": "2021-03-31", "totalRevenue": null, "grossProfit": null, "netIncome": null, "grossMargin_pct": null, "netMargin_pct": null, "operatingCashflow": null, "capitalExpenditures": null, "freeCashFlow": null, "cashAndCashEquivalents": null, "shortTermDebt": null, "longTermDebt": null, "totalDebt": null, "totalLiabilities": null, "totalShareholderEquity": null, "totalCurrentAssets": null, "totalCurrentLiabilities": null, "debtToEquity": null, "currentRatio": null, "cashRatio": null, "researchAndDevelopment": null, "rdIntensity_pct": null, "capexToRevenue_pct": null, "distressFlags": []}, "summary": "AJ Annual 2021-03-31: Rev=None, NI=None, GM%=None, NM%=None", "source": "YahooFinance"}
{"company": "ASML", "symbol": "ASML", "freq": "Quarter", "fiscalDate": "2025-06-30", "metrics": {"fiscalDate": "2025-06-30", "totalRevenue": 7691700000.0, "grossProfit": 4043700000.0, "netIncome": 2676200000.0, "grossMargin_pct": 52.57, "netMargin_pct": 34.79, "operatingCashflow": 1346000000.0, "capitalExpenditures": -988300000.0, "freeCashFlow": 2334300000.0, "cashAndCashEquivalents": 7243500000.0, "shortTermDebt": null, "longTermDebt": 3698900000.0, "totalDebt": 3698900000.0, "totalLiabilities": 27230900000.0, "totalShareholderEquity": 17618200000.0, "totalCurrentAssets": 26710500000.0, "totalCurrentLiabilities": 18616000000.0, "debtToEquity": 1.5456, "currentRatio": 1.4348, "cashRatio": 0.3891, "researchAndDevelopment": 607100000.0, "rdIntensity_pct": 7.89, "capexToRevenue_pct": -12.85, "distressFlags": [], "totalRevenue_QoQ_growth_pct": -0.64, "netIncome_QoQ_growth_pct": 13.64, "totalRevenue_YoY_growth_pct": 23.21, "netIncome_YoY_growth_pct": 69.61}, "summary": "ASML Quarter 2025-06-30: Rev=7691700000.0, NI=2676200000.0, GM%=52.57, NM%=34.79", "source": "YahooFinance"}
{"company": "ASML", "symbol": "ASML", "freq": "Quarter", "fiscalDate": "2025-03-31", "metrics": {"fiscalDate": "2025-03-31", "totalRevenue": 7741500000.0, "grossProfit": 4179700000.0, "netIncome": 2355000000.0, "grossMargin_pct": 53.99, "netMargin_pct": 30.42, "operatingCashflow": -58600000.0, "capitalExpenditures": -416500000.0, "freeCashFlow": 357900000.0, "cashAndCashEquivalents": 9098400000.0, "shortTermDebt": null, "longTermDebt": 3681000000.0, "totalDebt": 3681000000.0, "totalLiabilities": 27978100000.0, "totalShareholderEquity": 17500700000.0, "totalCurrentAssets": 27524400000.0, "totalCurrentLiabilities": 18123900000.0, "debtToEquity": 1.5987, "currentRatio": 1.5187, "cashRatio": 0.502, "researchAndDevelopment": 1161100000.0, "rdIntensity_pct": 15.0, "capexToRevenue_pct": -5.38, "distressFlags": [], "totalRevenue_QoQ_growth_pct": -16.42, "netIncome_QoQ_growth_pct": -12.56}, "summary": "ASML Quarter 2025-03-31: Rev=7741500000.0, NI=2355000000.0, GM%=53.99, NM%=30.42", "source": "YahooFinance"}
{"company": "ASML", "symbol": "ASML", "freq": "Quarter", "fiscalDate": "2024-12-31", "metrics": {"fiscalDate": "2024-12-31", "totalRevenue": 9262800000.0, "grossProfit": 4789800000.0, "netIncome": 2693400000.0, "grossMargin_pct": 51.71, "netMargin_pct": 29.08, "operatingCashflow": 9544800000.0, "capitalExpenditures": -705500000.0, "freeCashFlow": 10250300000.0, "cashAndCashEquivalents": 12735900000.0, "shortTermDebt": 1010300000.0, "longTermDebt": 3677300000.0, "totalDebt": 4687600000.0, "totalLiabilities": 30112800000.0, "totalShareholderEquity": 18476800000.0, "totalCurrentAssets": 30737400000.0, "totalCurrentLiabilities": 20051400000.0, "debtToEquity": 1.6298, "currentRatio": 1.5329, "cashRatio": 0.6352, "researchAndDevelopment": 1116000000.0, "rdIntensity_pct": 12.05, "capexToRevenue_pct": -7.62, "distressFlags": [], "totalRevenue_QoQ_growth_pct": 24.04, "netIncome_QoQ_growth_pct": 29.71}, "summary": "ASML Quarter 2024-12-31: Rev=9262800000.0, NI=2693400000.0, GM%=51.71, NM%=29.08", "source": "YahooFinance"}
{"company": "ASML", "symbol": "ASML", "freq": "Quarter", "fiscalDate": "2024-09-30", "metrics": {"fiscalDate": "2024-09-30", "totalRevenue": 7467300000.0, "grossProfit": 3793400000.0, "netIncome": 2076500000.0, "grossMargin_pct": 50.8, "netMargin_pct": 27.81, "operatingCashflow": 949900000.0, "capitalExpenditures": -415800000.0, "freeCashFlow": 1365700000.0, "cashAndCashEquivalents": 4979300000.0, "shortTermDebt": null, "longTermDebt": 4692200000.0, "totalDebt": 4692200000.0, "totalLiabilities": 25614500000.0, "totalShareholderEquity": 16151600000.0, "totalCurrentAssets": 24864000000.0, "totalCurrentLiabilities": 16025800000.0, "debtToEquity": 1.5859, "currentRatio": 1.5515, "cashRatio": 0.3107, "researchAndDevelopment": 1055200000.0, "rdIntensity_pct": 14.13, "capexToRevenue_pct": -5.57, "distressFlags": [], "totalRevenue_QoQ_growth_pct": 19.61, "netIncome_QoQ_growth_pct": 31.6}, "summary": "ASML Quarter 2024-09-30: Rev=7467300000.0, NI=2076500000.0, GM%=50.8, NM%=27.81", "source": "YahooFinance"}
{"company": "ASML", "symbol": "ASML", "freq": "Quarter", "fiscalDate": "2024-06-30", "metrics": {"fiscalDate": "2024-06-30", "totalRevenue": 6242800000.0, "grossProfit": 3212200000.0, "netIncome": 1577900000.0, "grossMargin_pct": 51.45, "netMargin_pct": 25.28, "operatingCashflow": 923400000.0, "capitalExpenditures": -538000000.0, "freeCashFlow": 1461400000.0, "cashAndCashEquivalents": 4813600000.0, "shortTermDebt": null, "longTermDebt": 4608200000.0, "totalDebt": 4608200000.0, "totalLiabilities": 26029800000.0, "totalShareholderEquity": 14711200000.0, "totalCurrentAssets": 24453200000.0, "totalCurrentLiabilities": 16132300000.0, "debtToEquity": 1.7694, "currentRatio": 1.5158, "cashRatio": 0.2984, "researchAndDevelopment": 1100600000.0, "rdIntensity_pct": 17.63, "capexToRevenue_pct": -8.62, "distressFlags": []}, "summary": "ASML Quarter 2024-06-30: Rev=6242800000.0, NI=1577900000.0, GM%=51.45, NM%=25.28", "source": "YahooFinance"}
{"company": "ASML", "symbol": "ASML", "freq": "Quarter", "fiscalDate": "2024-03-31", "metrics": {"fiscalDate": "2024-03-31", "totalRevenue": null, "grossProfit": null, "netIncome": null, "grossMargin_pct": null, "netMargin_pct": null, "operatingCashflow": null, "capitalExpenditures": null, "freeCashFlow": null, "cashAndCashEquivalents": null, "shortTermDebt": null, "longTermDebt": null, "totalDebt": null, "totalLiabilities": null, "totalShareholderEquity": null, "totalCurrentAssets": null, "totalCurrentLiabilities": null, "debtToEquity": null, "currentRatio": null, "cashRatio": null, "researchAndDevelopment": null, "rdIntensity_pct": null, "capexToRevenue_pct": null, "distressFlags": []}, "summary": "ASML Quarter 2024-03-31: Rev=None, NI=None, GM%=None, NM%=None", "source": "YahooFinance"}
{"company": "ASML", "symbol": "ASML", "freq": "Quarter", "fiscalDate": "2023-12-31", "metrics": {"fiscalDate": "2023-12-31", "totalRevenue": null, "grossProfit": null, "netIncome": null, "grossMargin_pct": null, "netMargin_pct": null, "operatingCashflow": null, "capitalExpenditures": null, "freeCashFlow": null, "cashAndCashEquivalents": null, "shortTermDebt": 100000.0, "longTermDebt": null, "totalDebt": 100000.0, "totalLiabilities": null, "totalShareholderEquity": null, "totalCurrentAssets": null, "totalCurrentLiabilities": null, "debtToEquity": null, "currentRatio": null, "cashRatio": null, "researchAndDevelopment": null, "rdIntensity_pct": null, "capexToRevenue_pct": null, "distressFlags": []}, "summary": "ASML Quarter 2023-12-31: Rev=None, NI=None, GM%=None, NM%=None", "source": "YahooFinance"}
{"company": "ASML", "symbol": "ASML", "freq": "Annual", "fiscalDate": "2024-12-31", "metrics": {"fiscalDate": "2024-12-31", "totalRevenue": 28262900000.0, "grossProfit": 14492000000.0, "netIncome": 7571600000.0, "grossMargin_pct": 51.28, "netMargin_pct": 26.79, "operatingCashflow": 11166200000.0, "capitalExpenditures": -2083100000.0, "freeCashFlow": 13249300000.0, "cashAndCashEquivalents": 12735900000.0, "shortTermDebt": 1010300000.0, "longTermDebt": 3677300000.0, "totalDebt": 4687600000.0, "totalLiabilities": 30112800000.0, "totalShareholderEquity": 18476800000.0, "totalCurrentAssets": 30737400000.0, "totalCurrentLiabilities": 20051400000.0, "debtToEquity": 1.6298, "currentRatio": 1.5329, "cashRatio": 0.6352, "researchAndDevelopment": 4303700000.0, "rdIntensity_pct": 15.23, "capexToRevenue_pct": -7.37, "distressFlags": [], "totalRevenue_QoQ_growth_pct": 2.56, "netIncome_QoQ_growth_pct": -3.41, "totalRevenue_YoY_growth_pct": 2.56, "netIncome_YoY_growth_pct": -3.41}, "summary": "ASML Annual 2024-12-31: Rev=28262900000.0, NI=7571600000.0, GM%=51.28, NM%=26.79", "source": "YahooFinance"}
{"company": "ASML", "symbol": "ASML", "freq": "Annual", "fiscalDate": "2023-12-31", "metrics": {"fiscalDate": "2023-12-31", "totalRevenue": 27558500000.0, "grossProfit": 14136100000.0, "netIncome": 7839000000.0, "grossMargin_pct": 51.29, "netMargin_pct": 28.44, "operatingCashflow": 5443400000.0, "capitalExpenditures": -2196200000.0, "freeCashFlow": 7639600000.0, "cashAndCashEquivalents": 7004700000.0, "shortTermDebt": 100000.0, "longTermDebt": 4631500000.0, "totalDebt": 4631600000.0, "totalLiabilities": 26505100000.0, "totalShareholderEquity": 13452400000.0, "totalCurrentAssets": 24393900000.0, "totalCurrentLiabilities": 16274700000.0, "debtToEquity": 1.9703, "currentRatio": 1.4989, "cashRatio": 0.4304, "researchAndDevelopment": 3980600000.0, "rdIntensity_pct": 14.44, "capexToRevenue_pct": -7.97, "distressFlags": [], "totalRevenue_QoQ_growth_pct": 30.16, "netIncome_QoQ_growth_pct": 39.38, "totalRevenue_YoY_growth_pct": 30.16, "netIncome_YoY_growth_pct": 39.38}, "summary": "ASML Annual 2023-12-31: Rev=27558500000.0, NI=7839000000.0, GM%=51.29, NM%=28.44", "source": "YahooFinance"}
{"company": "ASML", "symbol": "ASML", "freq": "Annual", "fiscalDate": "2022-12-31", "metrics": {"fiscalDate": "2022-12-31", "totalRevenue": 21173400000.0, "grossProfit": 10700100000.0, "netIncome": 5624200000.0, "grossMargin_pct": 50.54, "netMargin_pct": 26.56, "operatingCashflow": 8486800000.0, "capitalExpenditures": -1319300000.0, "freeCashFlow": 9806100000.0, "cashAndCashEquivalents": 7268300000.0, "shortTermDebt": 746200000.0, "longTermDebt": 3514200000.0, "totalDebt": 4260400000.0, "totalLiabilities": 27489600000.0, "totalShareholderEquity": 8810800000.0, "totalCurrentAssets": 23064900000.0, "totalCurrentLiabilities": 17983600000.0, "debtToEquity": 3.12, "currentRatio": 1.2826, "cashRatio": 0.4042, "researchAndDevelopment": 3253500000.0, "rdIntensity_pct": 15.37, "capexToRevenue_pct": -6.23, "distressFlags": ["high_debt_to_equity"], "totalRevenue_QoQ_growth_pct": 13.77, "netIncome_QoQ_growth_pct": -4.4, "totalRevenue_YoY_growth_pct": 13.77, "netIncome_YoY_growth_pct": -4.4}, "summary": "ASML Annual 2022-12-31: Rev=21173400000.0, NI=5624200000.0, GM%=50.54, NM%=26.56", "source": "YahooFinance"}
{"company": "ASML", "symbol": "ASML", "freq": "Annual", "fiscalDate": "2021-12-31", "metrics": {"fiscalDate": "2021-12-31", "totalRevenue": 18611000000.0, "grossProfit": 9809000000.0, "netIncome": 5883200000.0, "grossMargin_pct": 52.71, "netMargin_pct": 31.61, "operatingCashflow": 10845800000.0, "capitalExpenditures": -940300000.0, "freeCashFlow": 11786100000.0, "cashAndCashEquivalents": 6951800000.0, "shortTermDebt": 509100000.0, "longTermDebt": 4075000000.0, "totalDebt": 4584100000.0, "totalLiabilities": 20090400000.0, "totalShareholderEquity": 10140600000.0, "totalCurrentAssets": 18190200000.0, "totalCurrentLiabilities": 12298000000.0, "debtToEquity": 1.9812, "currentRatio": 1.4791, "cashRatio": 0.5653, "researchAndDevelopment": 2547000000.0, "rdIntensity_pct": 13.69, "capexToRevenue_pct": -5.05, "distressFlags": []}, "summary": "ASML Annual 2021-12-31: Rev=18611000000.0, NI=5883200000.0, GM%=52.71, NM%=31.61", "source": "YahooFinance"}
{"company": "ASML", "symbol": "ASML", "freq": "Annual", "fiscalDate": "2020-12-31", "metrics": {"fiscalDate": "2020-12-31", "totalRevenue": null, "grossProfit": null, "netIncome": null, "grossMargin_pct": null, "netMargin_pct": null, "operatingCashflow": null, "capitalExpenditures": null, "freeCashFlow": null, "cashAndCashEquivalents": null, "shortTermDebt": null, "longTermDebt": null, "totalDebt": null, "totalLiabilities": null, "totalShareholderEquity": null, "totalCurrentAssets": null, "totalCurrentLiabilities": null, "debtToEquity": null, "currentRatio": null, "cashRatio": null, "researchAndDevelopment": null, "rdIntensity_pct": null, "capexToRevenue_pct": null, "distressFlags": []}, "summary": "ASML Annual 2020-12-31: Rev=None, NI=None, GM%=None, NM%=None", "source": "YahooFinance"}
{"company": "Naura", "symbol": "002371.SZ", "freq": "Quarter", "fiscalDate": "2025-03-31", "metrics": {"fiscalDate": "2025-03-31", "totalRevenue": 8206029208.83, "grossProfit": 3529876823.18, "netIncome": 1580707286.38, "grossMargin_pct": 43.02, "netMargin_pct": 19.26, "operatingCashflow": null, "capitalExpenditures": -191537596.39, "freeCashFlow": null, "cashAndCashEquivalents": 11001064541.84, "shortTermDebt": 2194356169.86, "longTermDebt": 4858169020.91, "totalDebt": 7052525190.77, "totalLiabilities": 34118226495.4, "totalShareholderEquity": 34123993795.81, "totalCurrentAssets": 47745785990.66, "totalCurrentLiabilities": 23247723436.59, "debtToEquity": 0.9998, "currentRatio": 2.0538, "cashRatio": 0.4732, "researchAndDevelopment": 1026367769.5, "rdIntensity_pct": 12.51, "capexToRevenue_pct": -2.33, "distressFlags": [], "totalRevenue_QoQ_growth_pct": -13.49, "netIncome_QoQ_growth_pct": 36.42, "totalRevenue_YoY_growth_pct": 37.9, "netIncome_YoY_growth_pct": 38.8}, "summary": "Naura Quarter 2025-03-31: Rev=8206029208.83, NI=1580707286.38, GM%=43.02, NM%=19.26", "source": "YahooFinance"}
{"company": "Naura", "symbol": "002371.SZ", "freq": "Quarter", "fiscalDate": "2024-12-31", "metrics": {"fiscalDate": "2024-12-31", "totalRevenue": 9485298203.09, "grossProfit": 3786589967.66, "netIncome": 1158667747.47, "grossMargin_pct": 39.92, "netMargin_pct": 12.22, "operatingCashflow": null, "capitalExpenditures": -1164276659.22, "freeCashFlow": null, "cashAndCashEquivalents": 12347226173.9, "shortTermDebt": 2126761784.13, "longTermDebt": 3946105390.91, "totalDebt": 6072867175.04, "totalLiabilities": 33483684889.1, "totalShareholderEquity": 32225195939.12, "totalCurrentAssets": 46210867462.91, "totalCurrentLiabilities": 23482080545.14, "debtToEquity": 1.0391, "currentRatio": 1.9679, "cashRatio": 0.5258, "researchAndDevelopment": 1477608970.31, "rdIntensity_pct": 15.58, "capexToRevenue_pct": -12.27, "distressFlags": [], "totalRevenue_QoQ_growth_pct": 18.3, "netIncome_QoQ_growth_pct": -31.11}, "summary": "Naura Quarter 2024-12-31: Rev=9485298203.09, NI=1158667747.47, GM%=39.92, NM%=12.22", "source": "YahooFinance"}
{"company": "Naura", "symbol": "002371.SZ", "freq": "Quarter", "fiscalDate": "2024-09-30", "metrics": {"fiscalDate": "2024-09-30", "totalRevenue": 8017863754.89, "grossProfit": 3388312490.27, "netIncome": 1681917060.31, "grossMargin_pct": 42.26, "netMargin_pct": 20.98, "operatingCashflow": null, "capitalExpenditures": -230286649.18, "freeCashFlow": null, "cashAndCashEquivalents": 11983827099.91, "shortTermDebt": 45743070.78, "longTermDebt": 5776626816.35, "totalDebt": 5822369887.13, "totalLiabilities": 33548234908.92, "totalShareholderEquity": 29882222771.53, "totalCurrentAssets": 46014325140.63, "totalCurrentLiabilities": 22113240912.14, "debtToEquity": 1.1227, "currentRatio": 2.0808, "cashRatio": 0.5419, "researchAndDevelopment": 845345523.51, "rdIntensity_pct": 10.54, "capexToRevenue_pct": -2.87, "distressFlags": [], "totalRevenue_QoQ_growth_pct": 23.81, "netIncome_QoQ_growth_pct": 1.68}, "summary": "Naura Quarter 2024-09-30: Rev=8017863754.89, NI=1681917060.31, GM%=42.26, NM%=20.98", "source": "YahooFinance"}
{"company": "Naura", "symbol": "002371.SZ", "freq": "Quarter", "fiscalDate": "2024-06-30", "metrics": {"fiscalDate": "2024-06-30", "totalRevenue": 6475743823.69, "grossProfit": 3069277201.43, "netIncome": 1654053673.89, "grossMargin_pct": 47.4, "netMargin_pct": 25.54, "operatingCashflow": null, "capitalExpenditures": -397097755.11, "freeCashFlow": null, "cashAndCashEquivalents": 11960451038.45, "shortTermDebt": 59220986.83, "longTermDebt": 5810960149.34, "totalDebt": 5870181136.17, "totalLiabilities": 32135916730.35, "totalShareholderEquity": 27885269249.53, "totalCurrentAssets": 42849958417.45, "totalCurrentLiabilities": 22526927964.83, "debtToEquity": 1.1524, "currentRatio": 1.9022, "cashRatio": 0.5309, "researchAndDevelopment": 625507299.65, "rdIntensity_pct": 9.66, "capexToRevenue_pct": -6.13, "distressFlags": [], "totalRevenue_QoQ_growth_pct": 8.83, "netIncome_QoQ_growth_pct": 45.24}, "summary": "Naura Quarter 2024-06-30: Rev=6475743823.69, NI=1654053673.89, GM%=47.4, NM%=25.54", "source": "YahooFinance"}
{"company": "Naura", "symbol": "002371.SZ", "freq": "Quarter", "fiscalDate": "2024-03-31", "metrics": {"fiscalDate": "2024-03-31", "totalRevenue": 5950568399.86, "grossProfit": 2616670765.75, "netIncome": 1138817830.6, "grossMargin_pct": 43.97, "netMargin_pct": 19.14, "operatingCashflow": null, "capitalExpenditures": -262257807.04, "freeCashFlow": null, "cashAndCashEquivalents": 12603744188.0, "shortTermDebt": 54710926.65, "longTermDebt": 5831131927.35, "totalDebt": 5885842854.0, "totalLiabilities": 30217813517.3, "totalShareholderEquity": 26038727301.25, "totalCurrentAssets": 39980911646.2, "totalCurrentLiabilities": 20470546085.67, "debtToEquity": 1.1605, "currentRatio": 1.9531, "cashRatio": 0.6157, "researchAndDevelopment": 728483331.0, "rdIntensity_pct": 12.24, "capexToRevenue_pct": -4.41, "distressFlags": []}, "summary": "Naura Quarter 2024-03-31: Rev=5950568399.86, NI=1138817830.6, GM%=43.97, NM%=19.14", "source": "YahooFinance"}
{"company": "Naura", "symbol": "002371.SZ", "freq": "Quarter", "fiscalDate": "2023-12-31", "metrics": {"fiscalDate": "2023-12-31", "totalRevenue": null, "grossProfit": null, "netIncome": null, "grossMargin_pct": null, "netMargin_pct": null, "operatingCashflow": null, "capitalExpenditures": null, "freeCashFlow": null, "cashAndCashEquivalents": null, "shortTermDebt": null, "longTermDebt": null, "totalDebt": null, "totalLiabilities": null, "totalShareholderEquity": null, "totalCurrentAssets": null, "totalCurrentLiabilities": null, "debtToEquity": null, "currentRatio": null, "cashRatio": null, "researchAndDevelopment": null, "rdIntensity_pct": null, "capexToRevenue_pct": null, "distressFlags": []}, "summary": "Naura Quarter 2023-12-31: Rev=None, NI=None, GM%=None, NM%=None", "source": "YahooFinance"}
{"company": "Naura", "symbol": "002371.SZ", "freq": "Annual", "fiscalDate": "2024-12-31", "metrics": {"fiscalDate": "2024-12-31", "totalRevenue": 29838069162.26, "grossProfit": 12786892435.38, "netIncome": 5621189109.03, "grossMargin_pct": 42.85, "netMargin_pct": 18.84, "operatingCashflow": 1573165054.27, "capitalExpenditures": -2046154256.83, "freeCashFlow": 3619319311.1, "cashAndCashEquivalents": 12347226173.9, "shortTermDebt": 2126761784.13, "longTermDebt": 3946105390.91, "totalDebt": 6072867175.04, "totalLiabilities": 33483684889.1, "totalShareholderEquity": 32225195939.12, "totalCurrentAssets": 46210867462.91, "totalCurrentLiabilities": 23482080545.14, "debtToEquity": 1.0391, "currentRatio": 1.9679, "cashRatio": 0.5258, "researchAndDevelopment": 3669454817.56, "rdIntensity_pct": 12.3, "capexToRevenue_pct": -6.86, "distressFlags": [], "totalRevenue_QoQ_growth_pct": 35.14, "netIncome_QoQ_growth_pct": 44.17, "totalRevenue_YoY_growth_pct": 35.14, "netIncome_YoY_growth_pct": 44.17}, "summary": "Naura Annual 2024-12-31: Rev=29838069162.26, NI=5621189109.03, GM%=42.85, NM%=18.84", "source": "YahooFinance"}
{"company": "Naura", "symbol": "002371.SZ", "freq": "Annual", "fiscalDate": "2023-12-31", "metrics": {"fiscalDate": "2023-12-31", "totalRevenue": 22079458092.37, "grossProfit": 9003431276.5, "netIncome": 3899069987.91, "grossMargin_pct": 40.78, "netMargin_pct": 17.66, "operatingCashflow": 2365007734.54, "capitalExpenditures": -1979981583.31, "freeCashFlow": 4344989317.85, "cashAndCashEquivalents": 12451459936.82, "shortTermDebt": 62354425.2, "longTermDebt": 5835243587.06, "totalDebt": 5897598012.26, "totalLiabilities": 28799771760.61, "totalShareholderEquity": 24824780518.52, "totalCurrentAssets": 38225997276.84, "totalCurrentLiabilities": 19083024388.79, "debtToEquity": 1.1601, "currentRatio": 2.0031, "cashRatio": 0.6525, "researchAndDevelopment": 2475304060.27, "rdIntensity_pct": 11.21, "capexToRevenue_pct": -8.97, "distressFlags": [], "totalRevenue_QoQ_growth_pct": 50.32, "netIncome_QoQ_growth_pct": 65.73, "totalRevenue_YoY_growth_pct": 50.32, "netIncome_YoY_growth_pct": 65.73}, "summary": "Naura Annual 2023-12-31: Rev=22079458092.37, NI=3899069987.91, GM%=40.78, NM%=17.66", "source": "YahooFinance"}
{"company": "Naura", "symbol": "002371.SZ", "freq": "Annual", "fiscalDate": "2022-12-31", "metrics": {"fiscalDate": "2022-12-31", "totalRevenue": 14688111969.67, "grossProfit": 6438490374.54, "netIncome": 2352726657.86, "grossMargin_pct": 43.83, "netMargin_pct": 16.02, "operatingCashflow": -727939010.42, "capitalExpenditures": -1408594920.39, "freeCashFlow": 680655909.97, "cashAndCashEquivalents": 10434615089.01, "shortTermDebt": 268400279.58, "longTermDebt": 3740000000.0, "totalDebt": 4008400279.58, "totalLiabilities": 22567493566.5, "totalShareholderEquity": 19983905281.92, "totalCurrentAssets": 31117460791.75, "totalCurrentLiabilities": 15770363178.85, "debtToEquity": 1.1293, "currentRatio": 1.9732, "cashRatio": 0.6617, "researchAndDevelopment": 1845332254.24, "rdIntensity_pct": 12.56, "capexToRevenue_pct": -9.59, "distressFlags": [], "totalRevenue_QoQ_growth_pct": 51.68, "netIncome_QoQ_growth_pct": 118.37, "totalRevenue_YoY_growth_pct": 51.68, "netIncome_YoY_growth_pct": 118.37}, "summary": "Naura Annual 2022-12-31: Rev=14688111969.67, NI=2352726657.86, GM%=43.83, NM%=16.02", "source": "YahooFinance"}
{"company": "Naura", "symbol": "002371.SZ", "freq": "Annual", "fiscalDate": "2021-12-31", "metrics": {"fiscalDate": "2021-12-31", "totalRevenue": 9683478119.38, "grossProfit": 3816520378.19, "netIncome": 1077409991.25, "grossMargin_pct": 39.41, "netMargin_pct": 11.13, "operatingCashflow": -776859120.34, "capitalExpenditures": -446819853.6, "freeCashFlow": -330039266.74, "cashAndCashEquivalents": 9067562269.03, "shortTermDebt": 9859570.96, "longTermDebt": null, "totalDebt": 9859570.96, "totalLiabilities": 13856082205.54, "totalShareholderEquity": 17198391159.07, "totalCurrentAssets": 22322571364.93, "totalCurrentLiabilities": 11268226934.51, "debtToEquity": 0.8057, "currentRatio": 1.981, "cashRatio": 0.8047, "researchAndDevelopment": 1297237567.86, "rdIntensity_pct": 13.4, "capexToRevenue_pct": -4.61, "distressFlags": ["negative_fcf"]}, "summary": "Naura Annual 2021-12-31: Rev=9683478119.38, NI=1077409991.25, GM%=39.41, NM%=11.13", "source": "YahooFinance"}
{"company": "Naura", "symbol": "002371.SZ", "freq": "Annual", "fiscalDate": "2020-12-31", "metrics": {"fiscalDate": "2020-12-31", "totalRevenue": null, "grossProfit": null, "netIncome": null, "grossMargin_pct": null, "netMargin_pct": null, "operatingCashflow": null, "capitalExpenditures": null, "freeCashFlow": null, "cashAndCashEquivalents": null, "shortTermDebt": null, "longTermDebt": 10000000.0, "totalDebt": 10000000.0, "totalLiabilities": null, "totalShareholderEquity": null, "totalCurrentAssets": null, "totalCurrentLiabilities": null, "debtToEquity": null, "currentRatio": null, "cashRatio": null, "researchAndDevelopment": null, "rdIntensity_pct": null, "capexToRevenue_pct": null, "distressFlags": []}, "summary": "Naura Annual 2020-12-31: Rev=None, NI=None, GM%=None, NM%=None", "source": "YahooFinance"}
{"company": "TEL", "symbol": "8035.T", "freq": "Quarter", "fiscalDate": "2025-03-31", "metrics": {"fiscalDate": "2025-03-31", "totalRevenue": null, "grossProfit": null, "netIncome": null, "grossMargin_pct": null, "netMargin_pct": null, "operatingCashflow": null, "capitalExpenditures": null, "freeCashFlow": null, "cashAndCashEquivalents": 416240000000.0, "shortTermDebt": null, "longTermDebt": null, "totalDebt": null, "totalLiabilities": 770775000000.0, "totalShareholderEquity": 1855206000000.0, "totalCurrentAssets": 1800756000000.0, "totalCurrentLiabilities": 677925000000.0, "debtToEquity": 0.4155, "currentRatio": 2.6563, "cashRatio": 0.614, "researchAndDevelopment": null, "rdIntensity_pct": null, "capexToRevenue_pct": null, "distressFlags": []}, "summary": "TEL Quarter 2025-03-31: Rev=None, NI=None, GM%=None, NM%=None", "source": "YahooFinance"}
{"company": "TEL", "symbol": "8035.T", "freq": "Quarter", "fiscalDate": "2024-09-30", "metrics": {"fiscalDate": "2024-09-30", "totalRevenue": null, "grossProfit": null, "netIncome": null, "grossMargin_pct": null, "netMargin_pct": null, "operatingCashflow": null, "capitalExpenditures": null, "freeCashFlow": null, "cashAndCashEquivalents": 470412000000.0, "shortTermDebt": null, "longTermDebt": null, "totalDebt": null, "totalLiabilities": 719479000000.0, "totalShareholderEquity": 1798376000000.0, "totalCurrentAssets": 1710211000000.0, "totalCurrentLiabilities": 633135000000.0, "debtToEquity": 0.4001, "currentRatio": 2.7012, "cashRatio": 0.743, "researchAndDevelopment": null, "rdIntensity_pct": null, "capexToRevenue_pct": null, "distressFlags": []}, "summary": "TEL Quarter 2024-09-30: Rev=None, NI=None, GM%=None, NM%=None", "source": "YahooFinance"}
{"company": "TEL", "symbol": "8035.T", "freq": "Quarter", "fiscalDate": "2024-06-30", "metrics": {"fiscalDate": "2024-06-30", "totalRevenue": null, "grossProfit": null, "netIncome": null, "grossMargin_pct": null, "netMargin_pct": null, "operatingCashflow": null, "capitalExpenditures": null, "freeCashFlow": null, "cashAndCashEquivalents": null, "shortTermDebt": null, "longTermDebt": null, "totalDebt": null, "totalLiabilities": null, "totalShareholderEquity": null, "totalCurrentAssets": null, "totalCurrentLiabilities": null, "debtToEquity": null, "currentRatio": null, "cashRatio": null, "researchAndDevelopment": null, "rdIntensity_pct": null, "capexToRevenue_pct": null, "distressFlags": []}, "summary": "TEL Quarter 2024-06-30: Rev=None, NI=None, GM%=None, NM%=None", "source": "YahooFinance"}
{"company": "TEL", "symbol": "8035.T", "freq": "Quarter", "fiscalDate": "2024-03-31", "metrics": {"fiscalDate": "2024-03-31", "totalRevenue": 547293000000.0, "grossProfit": 256116000000.0, "netIncome": 124939000000.0, "grossMargin_pct": 46.8, "netMargin_pct": 22.83, "operatingCashflow": null, "capitalExpenditures": null, "freeCashFlow": null, "cashAndCashEquivalents": 462383000000.0, "shortTermDebt": null, "longTermDebt": null, "totalDebt": null, "totalLiabilities": 696284000000.0, "totalShareholderEquity": 1760178000000.0, "totalCurrentAssets": 1700451000000.0, "totalCurrentLiabilities": 611899000000.0, "debtToEquity": 0.3956, "currentRatio": 2.779, "cashRatio": 0.7557, "researchAndDevelopment": 58405000000.0, "rdIntensity_pct": 10.67, "capexToRevenue_pct": null, "distressFlags": [], "totalRevenue_QoQ_growth_pct": 18.04, "netIncome_QoQ_growth_pct": 23.05}, "summary": "TEL Quarter 2024-03-31: Rev=547293000000.0, NI=124939000000.0, GM%=46.8, NM%=22.83", "source": "YahooFinance"}
{"company": "TEL", "symbol": "8035.T", "freq": "Quarter", "fiscalDate": "2023-12-31", "metrics": {"fiscalDate": "2023-12-31", "totalRevenue": 463662000000.0, "grossProfit": 222113000000.0, "netIncome": 101533000000.0, "grossMargin_pct": 47.9, "netMargin_pct": 21.9, "operatingCashflow": null, "capitalExpenditures": null, "freeCashFlow": null, "cashAndCashEquivalents": 342241000000.0, "shortTermDebt": null, "longTermDebt": null, "totalDebt": null, "totalLiabilities": 639795000000.0, "totalShareholderEquity": 1577618000000.0, "totalCurrentAssets": 1537522000000.0, "totalCurrentLiabilities": 557006000000.0, "debtToEquity": 0.4055, "currentRatio": 2.7603, "cashRatio": 0.6144, "researchAndDevelopment": 49790000000.0, "rdIntensity_pct": 10.74, "capexToRevenue_pct": null, "distressFlags": []}, "summary": "TEL Quarter 2023-12-31: Rev=463662000000.0, NI=101533000000.0, GM%=47.9, NM%=21.9", "source": "YahooFinance"}
{"company": "TEL", "symbol": "8035.T", "freq": "Annual", "fiscalDate": "2025-03-31", "metrics": {"fiscalDate": "2025-03-31", "totalRevenue": 2431568000000.0, "grossProfit": 1146287000000.0, "netIncome": 544133000000.0, "grossMargin_pct": 47.14, "netMargin_pct": 22.38, "operatingCashflow": 582174000000.0, "capitalExpenditures": -168039000000.0, "freeCashFlow": 750213000000.0, "cashAndCashEquivalents": 416240000000.0, "shortTermDebt": null, "longTermDebt": null, "totalDebt": null, "totalLiabilities": 770775000000.0, "totalShareholderEquity": 1855206000000.0, "totalCurrentAssets": 1800756000000.0, "totalCurrentLiabilities": 677925000000.0, "debtToEquity": 0.4155, "currentRatio": 2.6563, "cashRatio": 0.614, "researchAndDevelopment": 250017000000.0, "rdIntensity_pct": 10.28, "capexToRevenue_pct": -6.91, "distressFlags": [], "totalRevenue_QoQ_growth_pct": 32.83, "netIncome_QoQ_growth_pct": 49.5, "totalRevenue_YoY_growth_pct": 32.83, "netIncome_YoY_growth_pct": 49.5}, "summary": "TEL Annual 2025-03-31: Rev=2431568000000.0, NI=544133000000.0, GM%=47.14, NM%=22.38", "source": "YahooFinance"}
{"company": "TEL", "symbol": "8035.T", "freq": "Annual", "fiscalDate": "2024-03-31", "metrics": {"fiscalDate": "2024-03-31", "totalRevenue": 1830527000000.0, "grossProfit": 830269000000.0, "netIncome": 363963000000.0, "grossMargin_pct": 45.36, "netMargin_pct": 19.88, "operatingCashflow": 434720000000.0, "capitalExpenditures": -124980000000.0, "freeCashFlow": 559700000000.0, "cashAndCashEquivalents": 462383000000.0, "shortTermDebt": null, "longTermDebt": null, "totalDebt": null, "totalLiabilities": 696284000000.0, "totalShareholderEquity": 1760178000000.0, "totalCurrentAssets": 1700451000000.0, "totalCurrentLiabilities": 611899000000.0, "debtToEquity": 0.3956, "currentRatio": 2.779, "cashRatio": 0.7557, "researchAndDevelopment": 202873000000.0, "rdIntensity_pct": 11.08, "capexToRevenue_pct": -6.83, "distressFlags": [], "totalRevenue_QoQ_growth_pct": -17.13, "netIncome_QoQ_growth_pct": -22.82, "totalRevenue_YoY_growth_pct": -17.13, "netIncome_YoY_growth_pct": -22.82}, "summary": "TEL Annual 2024-03-31: Rev=1830527000000.0, NI=363963000000.0, GM%=45.36, NM%=19.88", "source": "YahooFinance"}
{"company": "TEL", "symbol": "8035.T", "freq": "Annual", "fiscalDate": "2023-03-31", "metrics": {"fiscalDate": "2023-03-31", "totalRevenue": 2209025000000.0, "grossProfit": 984408000000.0, "netIncome": 471584000000.0, "grossMargin_pct": 44.56, "netMargin_pct": 21.35, "operatingCashflow": 426270000000.0, "capitalExpenditures": -76313000000.0, "freeCashFlow": 502583000000.0, "cashAndCashEquivalents": 473099000000.0, "shortTermDebt": null, "longTermDebt": null, "totalDebt": null, "totalLiabilities": 712072000000.0, "totalShareholderEquity": 1599522000000.0, "totalCurrentAssets": 1740959000000.0, "totalCurrentLiabilities": 629893000000.0, "debtToEquity": 0.4452, "currentRatio": 2.7639, "cashRatio": 0.7511, "researchAndDevelopment": 191196000000.0, "rdIntensity_pct": 8.66, "capexToRevenue_pct": -3.45, "distressFlags": [], "totalRevenue_QoQ_growth_pct": 10.24, "netIncome_QoQ_growth_pct": 7.9, "totalRevenue_YoY_growth_pct": 10.24, "netIncome_YoY_growth_pct": 7.9}, "summary": "TEL Annual 2023-03-31: Rev=2209025000000.0, NI=471584000000.0, GM%=44.56, NM%=21.35", "source": "YahooFinance"}
{"company": "TEL", "symbol": "8035.T", "freq": "Annual", "fiscalDate": "2022-03-31", "metrics": {"fiscalDate": "2022-03-31", "totalRevenue": 2003805000000.0, "grossProfit": 911822000000.0, "netIncome": 437076000000.0, "grossMargin_pct": 45.5, "netMargin_pct": 21.81, "operatingCashflow": 283387000000.0, "capitalExpenditures": -65103000000.0, "freeCashFlow": 348490000000.0, "cashAndCashEquivalents": 274274000000.0, "shortTermDebt": null, "longTermDebt": null, "totalDebt": null, "totalLiabilities": 547410000000.0, "totalShareholderEquity": 1347047000000.0, "totalCurrentAssets": 1408703000000.0, "totalCurrentLiabilities": 468578000000.0, "debtToEquity": 0.4064, "currentRatio": 3.0063, "cashRatio": 0.5853, "researchAndDevelopment": 158256000000.0, "rdIntensity_pct": 7.9, "capexToRevenue_pct": -3.25, "distressFlags": []}, "summary": "TEL Annual 2022-03-31: Rev=2003805000000.0, NI=437076000000.0, GM%=45.5, NM%=21.81", "source": "YahooFinance"}
{"company": "TEL", "symbol": "8035.T", "freq": "Annual", "fiscalDate": "2021-03-31", "metrics": {"fiscalDate": "2021-03-31", "totalRevenue": null, "grossProfit": null, "netIncome": null, "grossMargin_pct": null, "netMargin_pct": null, "operatingCashflow": null, "capitalExpenditures": null, "freeCashFlow": null, "cashAndCashEquivalents": null, "shortTermDebt": null, "longTermDebt": null, "totalDebt": null, "totalLiabilities": null, "totalShareholderEquity": null, "totalCurrentAssets": null, "totalCurrentLiabilities": null, "debtToEquity": null, "currentRatio": null, "cashRatio": null, "researchAndDevelopment": null, "rdIntensity_pct": null, "capexToRevenue_pct": null, "distressFlags": []}, "summary": "TEL Annual 2021-03-31: Rev=None, NI=None, GM%=None, NM%=None", "source": "YahooFinance"}
{"company": "KLA", "symbol": "KLAC", "freq": "Quarter", "fiscalDate": "2025-06-30", "metrics": {"fiscalDate": "2025-06-30", "totalRevenue": 3174741000.0, "grossProfit": 1967455000.0, "netIncome": 1202849000.0, "grossMargin_pct": 61.97, "netMargin_pct": 37.89, "operatingCashflow": 1164991000.0, "capitalExpenditures": -102508000.0, "freeCashFlow": 1267499000.0, "cashAndCashEquivalents": 2078908000.0, "shortTermDebt": 45192000.0, "longTermDebt": 5884257000.0, "totalDebt": 5929449000.0, "totalLiabilities": 11375473000.0, "totalShareholderEquity": 4692453000.0, "totalCurrentAssets": 10698789000.0, "totalCurrentLiabilities": 4085795000.0, "debtToEquity": 2.4242, "currentRatio": 2.6185, "cashRatio": 0.5088, "researchAndDevelopment": 352989000.0, "rdIntensity_pct": 11.12, "capexToRevenue_pct": -3.23, "distressFlags": ["high_debt_to_equity"], "totalRevenue_QoQ_growth_pct": 3.65, "netIncome_QoQ_growth_pct": 10.51, "totalRevenue_YoY_growth_pct": 23.59, "netIncome_YoY_growth_pct": 43.8}, "summary": "KLA Quarter 2025-06-30: Rev=3174741000.0, NI=1202849000.0, GM%=61.97, NM%=37.89", "source": "YahooFinance"}
{"company": "KLA", "symbol": "KLAC", "freq": "Quarter", "fiscalDate": "2025-03-31", "metrics": {"fiscalDate": "2025-03-31", "totalRevenue": 3063029000.0, "grossProfit": 1887340000.0, "netIncome": 1088416000.0, "grossMargin_pct": 61.62, "netMargin_pct": 35.53, "operatingCashflow": 1072159000.0, "capitalExpenditures": -84985000.0, "freeCashFlow": 1157144000.0, "cashAndCashEquivalents": 1858022000.0, "shortTermDebt": 43468000.0, "longTermDebt": 5883322000.0, "totalDebt": 5926790000.0, "totalLiabilities": 11183568000.0, "totalShareholderEquity": 4004739000.0, "totalCurrentAssets": 9945019000.0, "totalCurrentLiabilities": 3909929000.0, "debtToEquity": 2.7926, "currentRatio": 2.5435, "cashRatio": 0.4752, "researchAndDevelopment": 338043000.0, "rdIntensity_pct": 11.04, "capexToRevenue_pct": -2.77, "distressFlags": ["high_debt_to_equity"], "totalRevenue_QoQ_growth_pct": -0.45, "netIncome_QoQ_growth_pct": 32.0}, "summary": "KLA Quarter 2025-03-31: Rev=3063029000.0, NI=1088416000.0, GM%=61.62, NM%=35.53", "source": "YahooFinance"}
{"company": "KLA", "symbol": "KLAC", "freq": "Quarter", "fiscalDate": "2024-12-31", "metrics": {"fiscalDate": "2024-12-31", "totalRevenue": 3076851000.0, "grossProfit": 1855390000.0, "netIncome": 824527000.0, "grossMargin_pct": 60.3, "netMargin_pct": 26.8, "operatingCashflow": 849515000.0, "capitalExpenditures": -92323000.0, "freeCashFlow": 941838000.0, "cashAndCashEquivalents": 1838278000.0, "shortTermDebt": 40578000.0, "longTermDebt": 5882387000.0, "totalDebt": 5922965000.0, "totalLiabilities": 11417147000.0, "totalShareholderEquity": 3584549000.0, "totalCurrentAssets": 9772604000.0, "totalCurrentLiabilities": 4138258000.0, "debtToEquity": 3.1851, "currentRatio": 2.3615, "cashRatio": 0.4442, "researchAndDevelopment": 346157000.0, "rdIntensity_pct": 11.25, "capexToRevenue_pct": -3.0, "distressFlags": ["high_debt_to_equity"], "totalRevenue_QoQ_growth_pct": 8.28, "netIncome_QoQ_growth_pct": -12.83}, "summary": "KLA Quarter 2024-12-31: Rev=3076851000.0, NI=824527000.0, GM%=60.3, NM%=26.8", "source": "YahooFinance"}
{"company": "KLA", "symbol": "KLAC", "freq": "Quarter", "fiscalDate": "2024-09-30", "metrics": {"fiscalDate": "2024-09-30", "totalRevenue": 2841541000.0, "grossProfit": 1694110000.0, "netIncome": 945851000.0, "grossMargin_pct": 59.62, "netMargin_pct": 33.29, "operatingCashflow": 995238000.0, "capitalExpenditures": -60393000.0, "freeCashFlow": 1055631000.0, "cashAndCashEquivalents": 1977202000.0, "shortTermDebt": 790398000.0, "longTermDebt": 5881372000.0, "totalDebt": 6671770000.0, "totalLiabilities": 12122023000.0, "totalShareholderEquity": 3559714000.0, "totalCurrentAssets": 10228439000.0, "totalCurrentLiabilities": 4798214000.0, "debtToEquity": 3.4053, "currentRatio": 2.1317, "cashRatio": 0.4121, "researchAndDevelopment": 323145000.0, "rdIntensity_pct": 11.37, "capexToRevenue_pct": -2.13, "distressFlags": ["high_debt_to_equity"], "totalRevenue_QoQ_growth_pct": 10.62, "netIncome_QoQ_growth_pct": 13.08}, "summary": "KLA Quarter 2024-09-30: Rev=2841541000.0, NI=945851000.0, GM%=59.62, NM%=33.29", "source": "YahooFinance"}
{"company": "KLA", "symbol": "KLAC", "freq": "Quarter", "fiscalDate": "2024-06-30", "metrics": {"fiscalDate": "2024-06-30", "totalRevenue": 2568735000.0, "grossProfit": 1558184000.0, "netIncome": 836446000.0, "grossMargin_pct": 60.66, "netMargin_pct": 32.56, "operatingCashflow": 892615000.0, "capitalExpenditures": -60745000.0, "freeCashFlow": 953360000.0, "cashAndCashEquivalents": 1977129000.0, "shortTermDebt": 786327000.0, "longTermDebt": 5880199000.0, "totalDebt": 6666526000.0, "totalLiabilities": 12065238000.0, "totalShareholderEquity": 3368328000.0, "totalCurrentAssets": 10031144000.0, "totalCurrentLiabilities": 4660774000.0, "debtToEquity": 3.582, "currentRatio": 2.1522, "cashRatio": 0.4242, "researchAndDevelopment": 325759000.0, "rdIntensity_pct": 12.68, "capexToRevenue_pct": -2.36, "distressFlags": ["high_debt_to_equity"]}, "summary": "KLA Quarter 2024-06-30: Rev=2568735000.0, NI=836446000.0, GM%=60.66, NM%=32.56", "source": "YahooFinance"}
{"company": "KLA", "symbol": "KLAC", "freq": "Quarter", "fiscalDate": "2024-03-31", "metrics": {"fiscalDate": "2024-03-31", "totalRevenue": null, "grossProfit": null, "netIncome": null, "grossMargin_pct": null, "netMargin_pct": null, "operatingCashflow": null, "capitalExpenditures": null, "freeCashFlow": null, "cashAndCashEquivalents": null, "shortTermDebt": null, "longTermDebt": null, "totalDebt": null, "totalLiabilities": null, "totalShareholderEquity": null, "totalCurrentAssets": null, "totalCurrentLiabilities": null, "debtToEquity": null, "currentRatio": null, "cashRatio": null, "researchAndDevelopment": null, "rdIntensity_pct": null, "capexToRevenue_pct": null, "distressFlags": []}, "summary": "KLA Quarter 2024-03-31: Rev=None, NI=None, GM%=None, NM%=None", "source": "YahooFinance"}
{"company": "KLA", "symbol": "KLAC", "freq": "Quarter", "fiscalDate": "2023-12-31", "metrics": {"fiscalDate": "2023-12-31", "totalRevenue": null, "grossProfit": null, "netIncome": null, "grossMargin_pct": null, "netMargin_pct": null, "operatingCashflow": null, "capitalExpenditures": null, "freeCashFlow": null, "cashAndCashEquivalents": null, "shortTermDebt": null, "longTermDebt": null, "totalDebt": null, "totalLiabilities": null, "totalShareholderEquity": null, "totalCurrentAssets": null, "totalCurrentLiabilities": null, "debtToEquity": null, "currentRatio": null, "cashRatio": null, "researchAndDevelopment": null, "rdIntensity_pct": null, "capexToRevenue_pct": null, "distressFlags": []}, "summary": "KLA Quarter 2023-12-31: Rev=None, NI=None, GM%=None, NM%=None", "source": "YahooFinance"}
{"company": "KLA", "symbol": "KLAC", "freq": "Annual", "fiscalDate": "2025-06-30", "metrics": {"fiscalDate": "2025-06-30", "totalRevenue": 12156162000.0, "grossProfit": 7404295000.0, "netIncome": 4061643000.0, "grossMargin_pct": 60.91, "netMargin_pct": 33.41, "operatingCashflow": 4081903000.0, "capitalExpenditures": -340209000.0, "freeCashFlow": 4422112000.0, "cashAndCashEquivalents": 2078908000.0, "shortTermDebt": 45192000.0, "longTermDebt": 5884257000.0, "totalDebt": 5929449000.0, "totalLiabilities": 11375473000.0, "totalShareholderEquity": 4692453000.0, "totalCurrentAssets": 10698789000.0, "totalCurrentLiabilities": 4085795000.0, "debtToEquity": 2.4242, "currentRatio": 2.6185, "cashRatio": 0.5088, "researchAndDevelopment": 1360334000.0, "rdIntensity_pct": 11.19, "capexToRevenue_pct": -2.8, "distressFlags": ["high_debt_to_equity"], "totalRevenue_QoQ_growth_pct": 23.89, "netIncome_QoQ_growth_pct": 47.06, "totalRevenue_YoY_growth_pct": 23.89, "netIncome_YoY_growth_pct": 47.06}, "summary": "KLA Annual 2025-06-30: Rev=12156162000.0, NI=4061643000.0, GM%=60.91, NM%=33.41", "source": "YahooFinance"}
{"company": "KLA", "symbol": "KLAC", "freq": "Annual", "fiscalDate": "2024-06-30", "metrics": {"fiscalDate": "2024-06-30", "totalRevenue": 9812247000.0, "grossProfit": 5884174000.0, "netIncome": 2761896000.0, "grossMargin_pct": 59.97, "netMargin_pct": 28.15, "operatingCashflow": 3308575000.0, "capitalExpenditures": -277384000.0, "freeCashFlow": 3585959000.0, "cashAndCashEquivalents": 1977129000.0, "shortTermDebt": 786327000.0, "longTermDebt": 5880199000.0, "totalDebt": 6666526000.0, "totalLiabilities": 12065238000.0, "totalShareholderEquity": 3368328000.0, "totalCurrentAssets": 10031144000.0, "totalCurrentLiabilities": 4660774000.0, "debtToEquity": 3.582, "currentRatio": 2.1522, "cashRatio": 0.4242, "researchAndDevelopment": 1278981000.0, "rdIntensity_pct": 13.03, "capexToRevenue_pct": -2.83, "distressFlags": ["high_debt_to_equity"], "totalRevenue_QoQ_growth_pct": -6.51, "netIncome_QoQ_growth_pct": -18.46, "totalRevenue_YoY_growth_pct": -6.51, "netIncome_YoY_growth_pct": -18.46}, "summary": "KLA Annual 2024-06-30: Rev=9812247000.0, NI=2761896000.0, GM%=59.97, NM%=28.15", "source": "YahooFinance"}
{"company": "KLA", "symbol": "KLAC", "freq": "Annual", "fiscalDate": "2023-06-30", "metrics": {"fiscalDate": "2023-06-30", "totalRevenue": 10496056000.0, "grossProfit": 6277749000.0, "netIncome": 3387277000.0, "grossMargin_pct": 59.81, "netMargin_pct": 32.27, "operatingCashflow": 3669805000.0, "capitalExpenditures": -341591000.0, "freeCashFlow": 4011396000.0, "cashAndCashEquivalents": 1927865000.0, "shortTermDebt": 34042000.0, "longTermDebt": 5890736000.0, "totalDebt": 5924778000.0, "totalLiabilities": 11152604000.0, "totalShareholderEquity": 2919753000.0, "totalCurrentAssets": 8372032000.0, "totalCurrentLiabilities": 3742842000.0, "debtToEquity": 3.8197, "currentRatio": 2.2368, "cashRatio": 0.5151, "researchAndDevelopment": 1296727000.0, "rdIntensity_pct": 12.35, "capexToRevenue_pct": -3.25, "distressFlags": ["high_debt_to_equity"], "totalRevenue_QoQ_growth_pct": 13.94, "netIncome_QoQ_growth_pct": 1.97, "totalRevenue_YoY_growth_pct": 13.94, "netIncome_YoY_growth_pct": 1.97}, "summary": "KLA Annual 2023-06-30: Rev=10496056000.0, NI=3387277000.0, GM%=59.81, NM%=32.27", "source": "YahooFinance"}
{"company": "KLA", "symbol": "KLAC", "freq": "Annual", "fiscalDate": "2022-06-30", "metrics": {"fiscalDate": "2022-06-30", "totalRevenue": 9211883000.0, "grossProfit": 5619442000.0, "netIncome": 3321807000.0, "grossMargin_pct": 61.0, "netMargin_pct": 36.06, "operatingCashflow": 3312702000.0, "capitalExpenditures": -307320000.0, "freeCashFlow": 3620022000.0, "cashAndCashEquivalents": 1584908000.0, "shortTermDebt": 32218000.0, "longTermDebt": 6660718000.0, "totalDebt": 6692936000.0, "totalLiabilities": 11197998000.0, "totalShareholderEquity": 1399090000.0, "totalCurrentAssets": 7168911000.0, "totalCurrentLiabilities": 2871083000.0, "debtToEquity": 8.0038, "currentRatio": 2.4969, "cashRatio": 0.552, "researchAndDevelopment": 1105254000.0, "rdIntensity_pct": 12.0, "capexToRevenue_pct": -3.34, "distressFlags": ["high_debt_to_equity"]}, "summary": "KLA Annual 2022-06-30: Rev=9211883000.0, NI=3321807000.0, GM%=61.0, NM%=36.06", "source": "YahooFinance"}
{"company": "KLA", "symbol": "KLAC", "freq": "Annual", "fiscalDate": "2021-06-30", "metrics": {"fiscalDate": "2021-06-30", "totalRevenue": null, "grossProfit": null, "netIncome": null, "grossMargin_pct": null, "netMargin_pct": null, "operatingCashflow": null, "capitalExpenditures": null, "freeCashFlow": null, "cashAndCashEquivalents": null, "shortTermDebt": null, "longTermDebt": null, "totalDebt": null, "totalLiabilities": null, "totalShareholderEquity": null, "totalCurrentAssets": null, "totalCurrentLiabilities": null, "debtToEquity": null, "currentRatio": null, "cashRatio": null, "researchAndDevelopment": null, "rdIntensity_pct": null, "capexToRevenue_pct": null, "distressFlags": []}, "summary": "KLA Annual 2021-06-30: Rev=None, NI=None, GM%=None, NM%=None", "source": "YahooFinance"}
{"company": "CAMECA", "symbol": "AME", "freq": "Quarter", "fiscalDate": "2025-06-30", "metrics": {"fiscalDate": "2025-06-30", "totalRevenue": 1778056000.0, "grossProfit": 635889000.0, "netIncome": 358367000.0, "grossMargin_pct": 35.76, "netMargin_pct": 20.15, "operatingCashflow": 359089000.0, "capitalExpenditures": -29269000.0, "freeCashFlow": 388358000.0, "cashAndCashEquivalents": 619712000.0, "shortTermDebt": 407651000.0, "longTermDebt": 1534347000.0, "totalDebt": 1941998000.0, "totalLiabilities": 4877874000.0, "totalShareholderEquity": 10388672000.0, "totalCurrentAssets": 3051837000.0, "totalCurrentLiabilities": 1868435000.0, "debtToEquity": 0.4695, "currentRatio": 1.6334, "cashRatio": 0.3317, "researchAndDevelopment": null, "rdIntensity_pct": null, "capexToRevenue_pct": -1.65, "distressFlags": [], "totalRevenue_QoQ_growth_pct": 2.66, "netIncome_QoQ_growth_pct": 1.88, "totalRevenue_YoY_growth_pct": 2.49, "netIncome_YoY_growth_pct": 6.13}, "summary": "CAMECA Quarter 2025-06-30: Rev=1778056000.0, NI=358367000.0, GM%=35.76, NM%=20.15", "source": "YahooFinance"}
{"company": "CAMECA", "symbol": "AME", "freq": "Quarter", "fiscalDate": "2025-03-31", "metrics": {"fiscalDate": "2025-03-31", "totalRevenue": 1731971000.0, "grossProfit": 625000000.0, "netIncome": 351758000.0, "grossMargin_pct": 36.09, "netMargin_pct": 20.31, "operatingCashflow": 417545000.0, "capitalExpenditures": -23069000.0, "freeCashFlow": 440614000.0, "cashAndCashEquivalents": 399001000.0, "shortTermDebt": 471521000.0, "longTermDebt": 1459445000.0, "totalDebt": 1930966000.0, "totalLiabilities": 4907150000.0, "totalShareholderEquity": 9969946000.0, "totalCurrentAssets": 2760796000.0, "totalCurrentLiabilities": 1962559000.0, "debtToEquity": 0.4922, "currentRatio": 1.4067, "cashRatio": 0.2033, "researchAndDevelopment": null, "rdIntensity_pct": null, "capexToRevenue_pct": -1.33, "distressFlags": [], "totalRevenue_QoQ_growth_pct": -1.68, "netIncome_QoQ_growth_pct": -9.17}, "summary": "CAMECA Quarter 2025-03-31: Rev=1731971000.0, NI=351758000.0, GM%=36.09, NM%=20.31", "source": "YahooFinance"}
{"company": "CAMECA", "symbol": "AME", "freq": "Quarter", "fiscalDate": "2024-12-31", "metrics": {"fiscalDate": "2024-12-31", "totalRevenue": 1761602000.0, "grossProfit": 644749000.0, "netIncome": 387257000.0, "grossMargin_pct": 36.6, "netMargin_pct": 21.98, "operatingCashflow": 550016000.0, "capitalExpenditures": -51725000.0, "freeCashFlow": 601741000.0, "cashAndCashEquivalents": 373999000.0, "shortTermDebt": 709082000.0, "longTermDebt": 1425375000.0, "totalDebt": 2134457000.0, "totalLiabilities": 4975865000.0, "totalShareholderEquity": 9655304000.0, "totalCurrentAssets": 2603032000.0, "totalCurrentLiabilities": 2098587000.0, "debtToEquity": 0.5154, "currentRatio": 1.2404, "cashRatio": 0.1782, "researchAndDevelopment": null, "rdIntensity_pct": null, "capexToRevenue_pct": -2.94, "distressFlags": [], "totalRevenue_QoQ_growth_pct": 3.1, "netIncome_QoQ_growth_pct": 13.82}, "summary": "CAMECA Quarter 2024-12-31: Rev=1761602000.0, NI=387257000.0, GM%=36.6, NM%=21.98", "source": "YahooFinance"}
{"company": "CAMECA", "symbol": "AME", "freq": "Quarter", "fiscalDate": "2024-09-30", "metrics": {"fiscalDate": "2024-09-30", "totalRevenue": 1708564000.0, "grossProfit": 615810000.0, "netIncome": 340241000.0, "grossMargin_pct": 36.04, "netMargin_pct": 19.91, "operatingCashflow": 487170000.0, "capitalExpenditures": -26282000.0, "freeCashFlow": 513452000.0, "cashAndCashEquivalents": 396266000.0, "shortTermDebt": 571061000.0, "longTermDebt": 1765473000.0, "totalDebt": 2336534000.0, "totalLiabilities": 5217416000.0, "totalShareholderEquity": 9550223000.0, "totalCurrentAssets": 2733690000.0, "totalCurrentLiabilities": 1966925000.0, "debtToEquity": 0.5463, "currentRatio": 1.3898, "cashRatio": 0.2015, "researchAndDevelopment": null, "rdIntensity_pct": null, "capexToRevenue_pct": -1.54, "distressFlags": [], "totalRevenue_QoQ_growth_pct": -1.51, "netIncome_QoQ_growth_pct": 0.76}, "summary": "CAMECA Quarter 2024-09-30: Rev=1708564000.0, NI=340241000.0, GM%=36.04, NM%=19.91", "source": "YahooFinance"}
{"company": "CAMECA", "symbol": "AME", "freq": "Quarter", "fiscalDate": "2024-06-30", "metrics": {"fiscalDate": "2024-06-30", "totalRevenue": 1734834000.0, "grossProfit": 624409000.0, "netIncome": 337683000.0, "grossMargin_pct": 35.99, "netMargin_pct": 19.46, "operatingCashflow": 381435000.0, "capitalExpenditures": -21416000.0, "freeCashFlow": 402851000.0, "cashAndCashEquivalents": 396573000.0, "shortTermDebt": 827967000.0, "longTermDebt": 1823410000.0, "totalDebt": 2651377000.0, "totalLiabilities": 5543462000.0, "totalShareholderEquity": 9252404000.0, "totalCurrentAssets": 2767244000.0, "totalCurrentLiabilities": 2203047000.0, "debtToEquity": 0.5991, "currentRatio": 1.2561, "cashRatio": 0.18, "researchAndDevelopment": null, "rdIntensity_pct": null, "capexToRevenue_pct": -1.23, "distressFlags": []}, "summary": "CAMECA Quarter 2024-06-30: Rev=1734834000.0, NI=337683000.0, GM%=35.99, NM%=19.46", "source": "YahooFinance"}
{"company": "CAMECA", "symbol": "AME", "freq": "Quarter", "fiscalDate": "2024-03-31", "metrics": {"fiscalDate": "2024-03-31", "totalRevenue": null, "grossProfit": null, "netIncome": null, "grossMargin_pct": null, "netMargin_pct": null, "operatingCashflow": null, "capitalExpenditures": null, "freeCashFlow": null, "cashAndCashEquivalents": null, "shortTermDebt": null, "longTermDebt": null, "totalDebt": null, "totalLiabilities": null, "totalShareholderEquity": null, "totalCurrentAssets": null, "totalCurrentLiabilities": null, "debtToEquity": null, "currentRatio": null, "cashRatio": null, "researchAndDevelopment": null, "rdIntensity_pct": null, "capexToRevenue_pct": null, "distressFlags": []}, "summary": "CAMECA Quarter 2024-03-31: Rev=None, NI=None, GM%=None, NM%=None", "source": "YahooFinance"}
{"company": "CAMECA", "symbol": "AME", "freq": "Quarter", "fiscalDate": "2023-12-31", "metrics": {"fiscalDate": "2023-12-31", "totalRevenue": null, "grossProfit": null, "netIncome": null, "grossMargin_pct": null, "netMargin_pct": null, "operatingCashflow": null, "capitalExpenditures": null, "freeCashFlow": null, "cashAndCashEquivalents": null, "shortTermDebt": null, "longTermDebt": null, "totalDebt": null, "totalLiabilities": null, "totalShareholderEquity": null, "totalCurrentAssets": null, "totalCurrentLiabilities": null, "debtToEquity": null, "currentRatio": null, "cashRatio": null, "researchAndDevelopment": null, "rdIntensity_pct": null, "capexToRevenue_pct": null, "distressFlags": []}, "summary": "CAMECA Quarter 2023-12-31: Rev=None, NI=None, GM%=None, NM%=None", "source": "YahooFinance"}
{"company": "CAMECA", "symbol": "AME", "freq": "Annual", "fiscalDate": "2024-12-31", "metrics": {"fiscalDate": "2024-12-31", "totalRevenue": 6941180000.0, "grossProfit": 2476467000.0, "netIncome": 1376124000.0, "grossMargin_pct": 35.68, "netMargin_pct": 19.83, "operatingCashflow": 1828848000.0, "capitalExpenditures": -127075000.0, "freeCashFlow": 1955923000.0, "cashAndCashEquivalents": 373999000.0, "shortTermDebt": 709082000.0, "longTermDebt": 1425375000.0, "totalDebt": 2134457000.0, "totalLiabilities": 4975865000.0, "totalShareholderEquity": 9655304000.0, "totalCurrentAssets": 2603032000.0, "totalCurrentLiabilities": 2098587000.0, "debtToEquity": 0.5154, "currentRatio": 1.2404, "cashRatio": 0.1782, "researchAndDevelopment": null, "rdIntensity_pct": null, "capexToRevenue_pct": -1.83, "distressFlags": [], "totalRevenue_QoQ_growth_pct": 5.22, "netIncome_QoQ_growth_pct": 4.79, "totalRevenue_YoY_growth_pct": 5.22, "netIncome_YoY_growth_pct": 4.79}, "summary": "CAMECA Annual 2024-12-31: Rev=6941180000.0, NI=1376124000.0, GM%=35.68, NM%=19.83", "source": "YahooFinance"}
{"company": "CAMECA", "symbol": "AME", "freq": "Annual", "fiscalDate": "2023-12-31", "metrics": {"fiscalDate": "2023-12-31", "totalRevenue": 6596950000.0, "grossProfit": 2384465000.0, "netIncome": 1313188000.0, "grossMargin_pct": 36.14, "netMargin_pct": 19.91, "operatingCashflow": 1735296000.0, "capitalExpenditures": -136249000.0, "freeCashFlow": 1871545000.0, "cashAndCashEquivalents": 409804000.0, "shortTermDebt": 1478970000.0, "longTermDebt": 1895432000.0, "totalDebt": 3374402000.0, "totalLiabilities": 6293342000.0, "totalShareholderEquity": 8730191000.0, "totalCurrentAssets": 2824668000.0, "totalCurrentLiabilities": 2882573000.0, "debtToEquity": 0.7209, "currentRatio": 0.9799, "cashRatio": 0.1422, "researchAndDevelopment": null, "rdIntensity_pct": null, "capexToRevenue_pct": -2.07, "distressFlags": ["current_ratio_lt_1"], "totalRevenue_QoQ_growth_pct": 7.26, "netIncome_QoQ_growth_pct": 13.25, "totalRevenue_YoY_growth_pct": 7.26, "netIncome_YoY_growth_pct": 13.25}, "summary": "CAMECA Annual 2023-12-31: Rev=6596950000.0, NI=1313188000.0, GM%=36.14, NM%=19.91", "source": "YahooFinance"}
{"company": "CAMECA", "symbol": "AME", "freq": "Annual", "fiscalDate": "2022-12-31", "metrics": {"fiscalDate": "2022-12-31", "totalRevenue": 6150530000.0, "grossProfit": 2145269000.0, "netIncome": 1159542000.0, "grossMargin_pct": 34.88, "netMargin_pct": 18.85, "operatingCashflow": 1149373000.0, "capitalExpenditures": -139005000.0, "freeCashFlow": 1288378000.0, "cashAndCashEquivalents": 345386000.0, "shortTermDebt": 272445000.0, "longTermDebt": 2158928000.0, "totalDebt": 2431373000.0, "totalLiabilities": 4954608000.0, "totalShareholderEquity": 7476512000.0, "totalCurrentAssets": 2528058000.0, "totalCurrentLiabilities": 1564202000.0, "debtToEquity": 0.6627, "currentRatio": 1.6162, "cashRatio": 0.2208, "researchAndDevelopment": null, "rdIntensity_pct": null, "capexToRevenue_pct": -2.26, "distressFlags": [], "totalRevenue_QoQ_growth_pct": 10.89, "netIncome_QoQ_growth_pct": 17.12, "totalRevenue_YoY_growth_pct": 10.89, "netIncome_YoY_growth_pct": 17.12}, "summary": "CAMECA Annual 2022-12-31: Rev=6150530000.0, NI=1159542000.0, GM%=34.88, NM%=18.85", "source": "YahooFinance"}
{"company": "CAMECA", "symbol": "AME", "freq": "Annual", "fiscalDate": "2021-12-31", "metrics": {"fiscalDate": "2021-12-31", "totalRevenue": 5546514000.0, "grossProfit": 1912614000.0, "netIncome": 990053000.0, "grossMargin_pct": 34.48, "netMargin_pct": 17.85, "operatingCashflow": 1160457000.0, "capitalExpenditures": -110671000.0, "freeCashFlow": 1271128000.0, "cashAndCashEquivalents": 346772000.0, "shortTermDebt": 362446000.0, "longTermDebt": 2229148000.0, "totalDebt": 2591594000.0, "totalLiabilities": 5026303000.0, "totalShareholderEquity": 6871884000.0, "totalCurrentAssets": 2128765000.0, "totalCurrentLiabilities": 1563314000.0, "debtToEquity": 0.7314, "currentRatio": 1.3617, "cashRatio": 0.2218, "researchAndDevelopment": null, "rdIntensity_pct": null, "capexToRevenue_pct": -2.0, "distressFlags": []}, "summary": "CAMECA Annual 2021-12-31: Rev=5546514000.0, NI=990053000.0, GM%=34.48, NM%=17.85", "source": "YahooFinance"}
{"company": "CAMECA", "symbol": "AME", "freq": "Annual", "fiscalDate": "2020-12-31", "metrics": {"fiscalDate": "2020-12-31", "totalRevenue": null, "grossProfit": null, "netIncome": null, "grossMargin_pct": null, "netMargin_pct": null, "operatingCashflow": null, "capitalExpenditures": null, "freeCashFlow": null, "cashAndCashEquivalents": null, "shortTermDebt": null, "longTermDebt": null, "totalDebt": null, "totalLiabilities": null, "totalShareholderEquity": null, "totalCurrentAssets": null, "totalCurrentLiabilities": null, "debtToEquity": null, "currentRatio": null, "cashRatio": null, "researchAndDevelopment": null, "rdIntensity_pct": null, "capexToRevenue_pct": null, "distressFlags": []}, "summary": "CAMECA Annual 2020-12-31: Rev=None, NI=None, GM%=None, NM%=None", "source": "YahooFinance"}
{"company": "OSI", "symbol": "OSIS", "freq": "Quarter", "fiscalDate": "2025-03-31", "metrics": {"fiscalDate": "2025-03-31", "totalRevenue": 444354000.0, "grossProfit": 150291000.0, "netIncome": 41134000.0, "grossMargin_pct": 33.82, "netMargin_pct": 9.26, "operatingCashflow": 81642000.0, "capitalExpenditures": -8947000.0, "freeCashFlow": 90589000.0, "cashAndCashEquivalents": 95830000.0, "shortTermDebt": 164145000.0, "longTermDebt": 465051000.0, "totalDebt": 629196000.0, "totalLiabilities": 1201672000.0, "totalShareholderEquity": 879325000.0, "totalCurrentAssets": 1272529000.0, "totalCurrentLiabilities": 603957000.0, "debtToEquity": 1.3666, "currentRatio": 2.107, "cashRatio": 0.1587, "researchAndDevelopment": 18570000.0, "rdIntensity_pct": 4.18, "capexToRevenue_pct": -2.01, "distressFlags": [], "totalRevenue_QoQ_growth_pct": 5.84, "netIncome_QoQ_growth_pct": 8.77, "totalRevenue_YoY_growth_pct": 9.61, "netIncome_YoY_growth_pct": 20.83}, "summary": "OSI Quarter 2025-03-31: Rev=444354000.0, NI=41134000.0, GM%=33.82, NM%=9.26", "source": "YahooFinance"}
{"company": "OSI", "symbol": "OSIS", "freq": "Quarter", "fiscalDate": "2024-12-31", "metrics": {"fiscalDate": "2024-12-31", "totalRevenue": 419820000.0, "grossProfit": 147151000.0, "netIncome": 37819000.0, "grossMargin_pct": 35.05, "netMargin_pct": 9.01, "operatingCashflow": 52548000.0, "capitalExpenditures": -10206000.0, "freeCashFlow": 62754000.0, "cashAndCashEquivalents": 101633000.0, "shortTermDebt": 244200000.0, "longTermDebt": 466560000.0, "totalDebt": 710760000.0, "totalLiabilities": 1305084000.0, "totalShareholderEquity": 825830000.0, "totalCurrentAssets": 1324569000.0, "totalCurrentLiabilities": 703718000.0, "debtToEquity": 1.5803, "currentRatio": 1.8822, "cashRatio": 0.1444, "researchAndDevelopment": 18257000.0, "rdIntensity_pct": 4.35, "capexToRevenue_pct": -2.43, "distressFlags": [], "totalRevenue_QoQ_growth_pct": 22.04, "netIncome_QoQ_growth_pct": 110.86}, "summary": "OSI Quarter 2024-12-31: Rev=419820000.0, NI=37819000.0, GM%=35.05, NM%=9.01", "source": "YahooFinance"}
{"company": "OSI", "symbol": "OSIS", "freq": "Quarter", "fiscalDate": "2024-09-30", "metrics": {"fiscalDate": "2024-09-30", "totalRevenue": 344007000.0, "grossProfit": 121502000.0, "netIncome": 17936000.0, "grossMargin_pct": 35.32, "netMargin_pct": 5.21, "operatingCashflow": -37160000.0, "capitalExpenditures": -12077000.0, "freeCashFlow": -25083000.0, "cashAndCashEquivalents": 85053000.0, "shortTermDebt": 267217000.0, "longTermDebt": 468084000.0, "totalDebt": 735301000.0, "totalLiabilities": 1327019000.0, "totalShareholderEquity": 786495000.0, "totalCurrentAssets": 1310003000.0, "totalCurrentLiabilities": 712536000.0, "debtToEquity": 1.6873, "currentRatio": 1.8385, "cashRatio": 0.1194, "researchAndDevelopment": 17773000.0, "rdIntensity_pct": 5.17, "capexToRevenue_pct": -3.51, "distressFlags": ["negative_fcf"], "totalRevenue_QoQ_growth_pct": -28.47, "netIncome_QoQ_growth_pct": -59.86}, "summary": "OSI Quarter 2024-09-30: Rev=344007000.0, NI=17936000.0, GM%=35.32, NM%=5.21", "source": "YahooFinance"}
{"company": "OSI", "symbol": "OSIS", "freq": "Quarter", "fiscalDate": "2024-06-30", "metrics": {"fiscalDate": "2024-06-30", "totalRevenue": 480907000.0, "grossProfit": 154317000.0, "netIncome": 44679000.0, "grossMargin_pct": 32.09, "netMargin_pct": 9.29, "operatingCashflow": -29043000.0, "capitalExpenditures": -12922000.0, "freeCashFlow": -16121000.0, "cashAndCashEquivalents": 95353000.0, "shortTermDebt": 392167000.0, "longTermDebt": 129383000.0, "totalDebt": 521550000.0, "totalLiabilities": 1072525000.0, "totalShareholderEquity": 863483000.0, "totalCurrentAssets": 1215524000.0, "totalCurrentLiabilities": 814637000.0, "debtToEquity": 1.2421, "currentRatio": 1.4921, "cashRatio": 0.117, "researchAndDevelopment": 15859000.0, "rdIntensity_pct": 3.3, "capexToRevenue_pct": -2.69, "distressFlags": ["negative_fcf"], "totalRevenue_QoQ_growth_pct": 18.62, "netIncome_QoQ_growth_pct": 31.24}, "summary": "OSI Quarter 2024-06-30: Rev=480907000.0, NI=44679000.0, GM%=32.09, NM%=9.29", "source": "YahooFinance"}
{"company": "OSI", "symbol": "OSIS", "freq": "Quarter", "fiscalDate": "2024-03-31", "metrics": {"fiscalDate": "2024-03-31", "totalRevenue": 405406000.0, "grossProfit": 136095000.0, "netIncome": 34043000.0, "grossMargin_pct": 33.57, "netMargin_pct": 8.4, "operatingCashflow": -52074000.0, "capitalExpenditures": -9445000.0, "freeCashFlow": -42629000.0, "cashAndCashEquivalents": 101443000.0, "shortTermDebt": 357212000.0, "longTermDebt": 131214000.0, "totalDebt": 488426000.0, "totalLiabilities": 1017662000.0, "totalShareholderEquity": 813413000.0, "totalCurrentAssets": 1119250000.0, "totalCurrentLiabilities": 761682000.0, "debtToEquity": 1.2511, "currentRatio": 1.4694, "cashRatio": 0.1332, "researchAndDevelopment": 17144000.0, "rdIntensity_pct": 4.23, "capexToRevenue_pct": -2.33, "distressFlags": ["negative_fcf"]}, "summary": "OSI Quarter 2024-03-31: Rev=405406000.0, NI=34043000.0, GM%=33.57, NM%=8.4", "source": "YahooFinance"}
{"company": "OSI", "symbol": "OSIS", "freq": "Quarter", "fiscalDate": "2023-12-31", "metrics": {"fiscalDate": "2023-12-31", "totalRevenue": null, "grossProfit": null, "netIncome": null, "grossMargin_pct": null, "netMargin_pct": null, "operatingCashflow": null, "capitalExpenditures": null, "freeCashFlow": null, "cashAndCashEquivalents": null, "shortTermDebt": null, "longTermDebt": null, "totalDebt": null, "totalLiabilities": null, "totalShareholderEquity": null, "totalCurrentAssets": null, "totalCurrentLiabilities": null, "debtToEquity": null, "currentRatio": null, "cashRatio": null, "researchAndDevelopment": null, "rdIntensity_pct": null, "capexToRevenue_pct": null, "distressFlags": []}, "summary": "OSI Quarter 2023-12-31: Rev=None, NI=None, GM%=None, NM%=None", "source": "YahooFinance"}
{"company": "OSI", "symbol": "OSIS", "freq": "Annual", "fiscalDate": "2024-06-30", "metrics": {"fiscalDate": "2024-06-30", "totalRevenue": 1538758000.0, "grossProfit": 530458000.0, "netIncome": 128154000.0, "grossMargin_pct": 34.47, "netMargin_pct": 8.33, "operatingCashflow": -87501000.0, "capitalExpenditures": -39432000.0, "freeCashFlow": -48069000.0, "cashAndCashEquivalents": 95353000.0, "shortTermDebt": 392167000.0, "longTermDebt": 129383000.0, "totalDebt": 521550000.0, "totalLiabilities": 1072525000.0, "totalShareholderEquity": 863483000.0, "totalCurrentAssets": 1215524000.0, "totalCurrentLiabilities": 814637000.0, "debtToEquity": 1.2421, "currentRatio": 1.4921, "cashRatio": 0.117, "researchAndDevelopment": 65275000.0, "rdIntensity_pct": 4.24, "capexToRevenue_pct": -2.56, "distressFlags": ["negative_fcf"], "totalRevenue_QoQ_growth_pct": 20.36, "netIncome_QoQ_growth_pct": 39.63, "totalRevenue_YoY_growth_pct": 20.36, "netIncome_YoY_growth_pct": 39.63}, "summary": "OSI Annual 2024-06-30: Rev=1538758000.0, NI=128154000.0, GM%=34.47, NM%=8.33", "source": "YahooFinance"}
{"company": "OSI", "symbol": "OSIS", "freq": "Annual", "fiscalDate": "2023-06-30", "metrics": {"fiscalDate": "2023-06-30", "totalRevenue": 1278427000.0, "grossProfit": 430510000.0, "netIncome": 91778000.0, "grossMargin_pct": 33.67, "netMargin_pct": 7.18, "operatingCashflow": 94812000.0, "capitalExpenditures": -32254000.0, "freeCashFlow": 127066000.0, "cashAndCashEquivalents": 76750000.0, "shortTermDebt": 223076000.0, "longTermDebt": 136491000.0, "totalDebt": 359567000.0, "totalLiabilities": 829521000.0, "totalShareholderEquity": 726165000.0, "totalCurrentAssets": 839903000.0, "totalCurrentLiabilities": 571694000.0, "debtToEquity": 1.1423, "currentRatio": 1.4691, "cashRatio": 0.1343, "researchAndDevelopment": 59352000.0, "rdIntensity_pct": 4.64, "capexToRevenue_pct": -2.52, "distressFlags": [], "totalRevenue_QoQ_growth_pct": 8.04, "netIncome_QoQ_growth_pct": -20.43, "totalRevenue_YoY_growth_pct": 8.04, "netIncome_YoY_growth_pct": -20.43}, "summary": "OSI Annual 2023-06-30: Rev=1278427000.0, NI=91778000.0, GM%=33.67, NM%=7.18", "source": "YahooFinance"}
{"company": "OSI", "symbol": "OSIS", "freq": "Annual", "fiscalDate": "2022-06-30", "metrics": {"fiscalDate": "2022-06-30", "totalRevenue": 1183236000.0, "grossProfit": 424427000.0, "netIncome": 115347000.0, "grossMargin_pct": 35.87, "netMargin_pct": 9.75, "operatingCashflow": 63808000.0, "capitalExpenditures": -30487000.0, "freeCashFlow": 94295000.0, "cashAndCashEquivalents": 64202000.0, "shortTermDebt": 304575000.0, "longTermDebt": 48668000.0, "totalDebt": 353243000.0, "totalLiabilities": 804726000.0, "totalShareholderEquity": 638424000.0, "totalCurrentAssets": 746144000.0, "totalCurrentLiabilities": 613954000.0, "debtToEquity": 1.2605, "currentRatio": 1.2153, "cashRatio": 0.1046, "researchAndDevelopment": 59583000.0, "rdIntensity_pct": 5.04, "capexToRevenue_pct": -2.58, "distressFlags": [], "totalRevenue_QoQ_growth_pct": 3.17, "netIncome_QoQ_growth_pct": 55.77, "totalRevenue_YoY_growth_pct": 3.17, "netIncome_YoY_growth_pct": 55.77}, "summary": "OSI Annual 2022-06-30: Rev=1183236000.0, NI=115347000.0, GM%=35.87, NM%=9.75", "source": "YahooFinance"}
{"company": "OSI", "symbol": "OSIS", "freq": "Annual", "fiscalDate": "2021-06-30", "metrics": {"fiscalDate": "2021-06-30", "totalRevenue": 1146902000.0, "grossProfit": 419918000.0, "netIncome": 74049000.0, "grossMargin_pct": 36.61, "netMargin_pct": 6.46, "operatingCashflow": 139066000.0, "capitalExpenditures": -30647000.0, "freeCashFlow": 169713000.0, "cashAndCashEquivalents": 80613000.0, "shortTermDebt": 846000.0, "longTermDebt": 276421000.0, "totalDebt": 277267000.0, "totalLiabilities": 744547000.0, "totalShareholderEquity": 639820000.0, "totalCurrentAssets": 709404000.0, "totalCurrentLiabilities": 344767000.0, "debtToEquity": 1.1637, "currentRatio": 2.0576, "cashRatio": 0.2338, "researchAndDevelopment": 53696000.0, "rdIntensity_pct": 4.68, "capexToRevenue_pct": -2.67, "distressFlags": []}, "summary": "OSI Annual 2021-06-30: Rev=1146902000.0, NI=74049000.0, GM%=36.61, NM%=6.46", "source": "YahooFinance"}
{"company": "Genes Tech", "symbol": "8257.HK", "freq": "Quarter", "fiscalDate": "2024-12-31", "metrics": {"fiscalDate": "2024-12-31", "totalRevenue": null, "grossProfit": null, "netIncome": null, "grossMargin_pct": null, "netMargin_pct": null, "operatingCashflow": null, "capitalExpenditures": null, "freeCashFlow": null, "cashAndCashEquivalents": 194292000.0, "shortTermDebt": 481384000.0, "longTermDebt": 123760000.0, "totalDebt": 605144000.0, "totalLiabilities": 1624027000.0, "totalShareholderEquity": 820477000.0, "totalCurrentAssets": 1992363000.0, "totalCurrentLiabilities": 1485379000.0, "debtToEquity": 1.9794, "currentRatio": 1.3413, "cashRatio": 0.1308, "researchAndDevelopment": null, "rdIntensity_pct": null, "capexToRevenue_pct": null, "distressFlags": []}, "summary": "Genes Tech Quarter 2024-12-31: Rev=None, NI=None, GM%=None, NM%=None", "source": "YahooFinance"}
{"company": "Genes Tech", "symbol": "8257.HK", "freq": "Quarter", "fiscalDate": "2024-06-30", "metrics": {"fiscalDate": "2024-06-30", "totalRevenue": null, "grossProfit": null, "netIncome": null, "grossMargin_pct": null, "netMargin_pct": null, "operatingCashflow": null, "capitalExpenditures": null, "freeCashFlow": null, "cashAndCashEquivalents": 119084000.0, "shortTermDebt": 484014000.0, "longTermDebt": 147595000.0, "totalDebt": 631609000.0, "totalLiabilities": 1327858000.0, "totalShareholderEquity": 836912000.0, "totalCurrentAssets": 1699229000.0, "totalCurrentLiabilities": 1167663000.0, "debtToEquity": 1.5866, "currentRatio": 1.4552, "cashRatio": 0.102, "researchAndDevelopment": null, "rdIntensity_pct": null, "capexToRevenue_pct": null, "distressFlags": []}, "summary": "Genes Tech Quarter 2024-06-30: Rev=None, NI=None, GM%=None, NM%=None", "source": "YahooFinance"}
{"company": "Genes Tech", "symbol": "8257.HK", "freq": "Quarter", "fiscalDate": "2023-12-31", "metrics": {"fiscalDate": "2023-12-31", "totalRevenue": 224979000.0, "grossProfit": 62789000.0, "netIncome": 7139000.0, "grossMargin_pct": 27.91, "netMargin_pct": 3.17, "operatingCashflow": null, "capitalExpenditures": null, "freeCashFlow": null, "cashAndCashEquivalents": 150739000.0, "shortTermDebt": 454539000.0, "longTermDebt": 171867000.0, "totalDebt": 626406000.0, "totalLiabilities": 1297271000.0, "totalShareholderEquity": 805612000.0, "totalCurrentAssets": 1630270000.0, "totalCurrentLiabilities": 1116237000.0, "debtToEquity": 1.6103, "currentRatio": 1.4605, "cashRatio": 0.135, "researchAndDevelopment": null, "rdIntensity_pct": null, "capexToRevenue_pct": null, "distressFlags": []}, "summary": "Genes Tech Quarter 2023-12-31: Rev=224979000.0, NI=7139000.0, GM%=27.91, NM%=3.17", "source": "YahooFinance"}
{"company": "Genes Tech", "symbol": "8257.HK", "freq": "Annual", "fiscalDate": "2024-12-31", "metrics": {"fiscalDate": "2024-12-31", "totalRevenue": 931958000.0, "grossProfit": 263333000.0, "netIncome": 24280000.0, "grossMargin_pct": 28.26, "netMargin_pct": 2.61, "operatingCashflow": 94551000.0, "capitalExpenditures": -3333000.0, "freeCashFlow": 97884000.0, "cashAndCashEquivalents": 194292000.0, "shortTermDebt": 481384000.0, "longTermDebt": 123760000.0, "totalDebt": 605144000.0, "totalLiabilities": 1624027000.0, "totalShareholderEquity": 820477000.0, "totalCurrentAssets": 1992363000.0, "totalCurrentLiabilities": 1485379000.0, "debtToEquity": 1.9794, "currentRatio": 1.3413, "cashRatio": 0.1308, "researchAndDevelopment": null, "rdIntensity_pct": null, "capexToRevenue_pct": -0.36, "distressFlags": [], "totalRevenue_QoQ_growth_pct": -30.08, "netIncome_QoQ_growth_pct": -73.21, "totalRevenue_YoY_growth_pct": -30.08, "netIncome_YoY_growth_pct": -73.21}, "summary": "Genes Tech Annual 2024-12-31: Rev=931958000.0, NI=24280000.0, GM%=28.26, NM%=2.61", "source": "YahooFinance"}
{"company": "Genes Tech", "symbol": "8257.HK", "freq": "Annual", "fiscalDate": "2023-12-31", "metrics": {"fiscalDate": "2023-12-31", "totalRevenue": 1332827000.0, "grossProfit": 325960000.0, "netIncome": 90638000.0, "grossMargin_pct": 24.46, "netMargin_pct": 6.8, "operatingCashflow": -11179000.0, "capitalExpenditures": -11971000.0, "freeCashFlow": 792000.0, "cashAndCashEquivalents": 150739000.0, "shortTermDebt": 454539000.0, "longTermDebt": 171867000.0, "totalDebt": 626406000.0, "totalLiabilities": 1297271000.0, "totalShareholderEquity": 805612000.0, "totalCurrentAssets": 1630270000.0, "totalCurrentLiabilities": 1116237000.0, "debtToEquity": 1.6103, "currentRatio": 1.4605, "cashRatio": 0.135, "researchAndDevelopment": null, "rdIntensity_pct": null, "capexToRevenue_pct": -0.9, "distressFlags": [], "totalRevenue_QoQ_growth_pct": -16.64, "netIncome_QoQ_growth_pct": -212.68, "totalRevenue_YoY_growth_pct": -16.64, "netIncome_YoY_growth_pct": -212.68}, "summary": "Genes Tech Annual 2023-12-31: Rev=1332827000.0, NI=90638000.0, GM%=24.46, NM%=6.8", "source": "YahooFinance"}
{"company": "Genes Tech", "symbol": "8257.HK", "freq": "Annual", "fiscalDate": "2022-12-31", "metrics": {"fiscalDate": "2022-12-31", "totalRevenue": 1598898000.0, "grossProfit": 107483000.0, "netIncome": -80436000.0, "grossMargin_pct": 6.72, "netMargin_pct": -5.03, "operatingCashflow": 82493000.0, "capitalExpenditures": -18066000.0, "freeCashFlow": 100559000.0, "cashAndCashEquivalents": 239675000.0, "shortTermDebt": 464003000.0, "longTermDebt": 200361000.0, "totalDebt": 664364000.0, "totalLiabilities": 1770811000.0, "totalShareholderEquity": 712509000.0, "totalCurrentAssets": 1971250000.0, "totalCurrentLiabilities": 1552187000.0, "debtToEquity": 2.4853, "currentRatio": 1.27, "cashRatio": 0.1544, "researchAndDevelopment": null, "rdIntensity_pct": null, "capexToRevenue_pct": -1.13, "distressFlags": ["high_debt_to_equity"], "totalRevenue_QoQ_growth_pct": 6.78, "netIncome_QoQ_growth_pct": -201.3, "totalRevenue_YoY_growth_pct": 6.78, "netIncome_YoY_growth_pct": -201.3}, "summary": "Genes Tech Annual 2022-12-31: Rev=1598898000.0, NI=-80436000.0, GM%=6.72, NM%=-5.03", "source": "YahooFinance"}
{"company": "Genes Tech", "symbol": "8257.HK", "freq": "Annual", "fiscalDate": "2021-12-31", "metrics": {"fiscalDate": "2021-12-31", "totalRevenue": 1497334000.0, "grossProfit": 342173000.0, "netIncome": 79403000.0, "grossMargin_pct": 22.85, "netMargin_pct": 5.3, "operatingCashflow": 254139000.0, "capitalExpenditures": -5287000.0, "freeCashFlow": 259426000.0, "cashAndCashEquivalents": 172957000.0, "shortTermDebt": 400953000.0, "longTermDebt": 245049000.0, "totalDebt": 646002000.0, "totalLiabilities": 1761403000.0, "totalShareholderEquity": 801210000.0, "totalCurrentAssets": 2096782000.0, "totalCurrentLiabilities": 1504555000.0, "debtToEquity": 2.1984, "currentRatio": 1.3936, "cashRatio": 0.115, "researchAndDevelopment": null, "rdIntensity_pct": null, "capexToRevenue_pct": -0.35, "distressFlags": ["high_debt_to_equity"]}, "summary": "Genes Tech Annual 2021-12-31: Rev=1497334000.0, NI=79403000.0, GM%=22.85, NM%=5.3", "source": "YahooFinance"}
{"company": "Genes Tech", "symbol": "8257.HK", "freq": "Annual", "fiscalDate": "2020-12-31", "metrics": {"fiscalDate": "2020-12-31", "totalRevenue": null, "grossProfit": null, "netIncome": null, "grossMargin_pct": null, "netMargin_pct": null, "operatingCashflow": null, "capitalExpenditures": null, "freeCashFlow": null, "cashAndCashEquivalents": null, "shortTermDebt": null, "longTermDebt": null, "totalDebt": null, "totalLiabilities": null, "totalShareholderEquity": null, "totalCurrentAssets": null, "totalCurrentLiabilities": null, "debtToEquity": null, "currentRatio": null, "cashRatio": null, "researchAndDevelopment": null, "rdIntensity_pct": null, "capexToRevenue_pct": null, "distressFlags": []}, "summary": "Genes Tech Annual 2020-12-31: Rev=None, NI=None, GM%=None, NM%=None", "source": "YahooFinance"}
{"company": "Scientech", "symbol": "3583.TW", "freq": "Quarter", "fiscalDate": "2025-06-30", "metrics": {"fiscalDate": "2025-06-30", "totalRevenue": 2913215000.0, "grossProfit": 962819000.0, "netIncome": 228855000.0, "grossMargin_pct": 33.05, "netMargin_pct": 7.86, "operatingCashflow": -251648000.0, "capitalExpenditures": -216995000.0, "freeCashFlow": -34653000.0, "cashAndCashEquivalents": 5316861000.0, "shortTermDebt": 1286883000.0, "longTermDebt": 0.0, "totalDebt": 1286883000.0, "totalLiabilities": 17807173000.0, "totalShareholderEquity": 5316428000.0, "totalCurrentAssets": 18728714000.0, "totalCurrentLiabilities": 17437620000.0, "debtToEquity": 3.3495, "currentRatio": 1.074, "cashRatio": 0.3049, "researchAndDevelopment": 110230000.0, "rdIntensity_pct": 3.78, "capexToRevenue_pct": -7.45, "distressFlags": ["negative_fcf", "high_debt_to_equity"], "totalRevenue_QoQ_growth_pct": 3.59, "netIncome_QoQ_growth_pct": -11.06, "totalRevenue_YoY_growth_pct": 22.78, "netIncome_YoY_growth_pct": 1.04}, "summary": "Scientech Quarter 2025-06-30: Rev=2913215000.0, NI=228855000.0, GM%=33.05, NM%=7.86", "source": "YahooFinance"}
{"company": "Scientech", "symbol": "3583.TW", "freq": "Quarter", "fiscalDate": "2025-03-31", "metrics": {"fiscalDate": "2025-03-31", "totalRevenue": 2812388000.0, "grossProfit": 892009000.0, "netIncome": 257326000.0, "grossMargin_pct": 31.72, "netMargin_pct": 9.15, "operatingCashflow": -20007000.0, "capitalExpenditures": -581970000.0, "freeCashFlow": 561963000.0, "cashAndCashEquivalents": 6039269000.0, "shortTermDebt": 114134000.0, "longTermDebt": 1151159000.0, "totalDebt": 1265293000.0, "totalLiabilities": 18653010000.0, "totalShareholderEquity": 5178773000.0, "totalCurrentAssets": 19671925000.0, "totalCurrentLiabilities": 17088981000.0, "debtToEquity": 3.6018, "currentRatio": 1.1511, "cashRatio": 0.3534, "researchAndDevelopment": 112949000.0, "rdIntensity_pct": 4.02, "capexToRevenue_pct": -20.69, "distressFlags": ["high_debt_to_equity"], "totalRevenue_QoQ_growth_pct": 9.41, "netIncome_QoQ_growth_pct": 2.98}, "summary": "Scientech Quarter 2025-03-31: Rev=2812388000.0, NI=257326000.0, GM%=31.72, NM%=9.15", "source": "YahooFinance"}
{"company": "Scientech", "symbol": "3583.TW", "freq": "Quarter", "fiscalDate": "2024-12-31", "metrics": {"fiscalDate": "2024-12-31", "totalRevenue": 2570588000.0, "grossProfit": 740824000.0, "netIncome": 249869000.0, "grossMargin_pct": 28.82, "netMargin_pct": 9.72, "operatingCashflow": 862814000.0, "capitalExpenditures": -219057000.0, "freeCashFlow": 1081871000.0, "cashAndCashEquivalents": 7014917000.0, "shortTermDebt": 580232000.0, "longTermDebt": 1145654000.0, "totalDebt": 1725886000.0, "totalLiabilities": 18521736000.0, "totalShareholderEquity": 4962005000.0, "totalCurrentAssets": 20094282000.0, "totalCurrentLiabilities": 16987268000.0, "debtToEquity": 3.7327, "currentRatio": 1.1829, "cashRatio": 0.413, "researchAndDevelopment": 104079000.0, "rdIntensity_pct": 4.05, "capexToRevenue_pct": -8.52, "distressFlags": ["high_debt_to_equity"], "totalRevenue_QoQ_growth_pct": 2.8, "netIncome_QoQ_growth_pct": 3.71}, "summary": "Scientech Quarter 2024-12-31: Rev=2570588000.0, NI=249869000.0, GM%=28.82, NM%=9.72", "source": "YahooFinance"}
{"company": "Scientech", "symbol": "3583.TW", "freq": "Quarter", "fiscalDate": "2024-09-30", "metrics": {"fiscalDate": "2024-09-30", "totalRevenue": 2500529000.0, "grossProfit": 888494000.0, "netIncome": 240922000.0, "grossMargin_pct": 35.53, "netMargin_pct": 9.63, "operatingCashflow": 315238000.0, "capitalExpenditures": -149588000.0, "freeCashFlow": 464826000.0, "cashAndCashEquivalents": 6609828000.0, "shortTermDebt": 628003000.0, "longTermDebt": 1140174000.0, "totalDebt": 1768177000.0, "totalLiabilities": 18237395000.0, "totalShareholderEquity": 4719587000.0, "totalCurrentAssets": 19845374000.0, "totalCurrentLiabilities": 16784895000.0, "debtToEquity": 3.8642, "currentRatio": 1.1823, "cashRatio": 0.3938, "researchAndDevelopment": 91565000.0, "rdIntensity_pct": 3.66, "capexToRevenue_pct": -5.98, "distressFlags": ["high_debt_to_equity"], "totalRevenue_QoQ_growth_pct": 5.39, "netIncome_QoQ_growth_pct": 6.37}, "summary": "Scientech Quarter 2024-09-30: Rev=2500529000.0, NI=240922000.0, GM%=35.53, NM%=9.63", "source": "YahooFinance"}
{"company": "Scientech", "symbol": "3583.TW", "freq": "Quarter", "fiscalDate": "2024-06-30", "metrics": {"fiscalDate": "2024-06-30", "totalRevenue": 2372649000.0, "grossProfit": 661836000.0, "netIncome": 226501000.0, "grossMargin_pct": 27.89, "netMargin_pct": 9.55, "operatingCashflow": 224505000.0, "capitalExpenditures": -72906000.0, "freeCashFlow": 297411000.0, "cashAndCashEquivalents": 6301366000.0, "shortTermDebt": 145342000.0, "longTermDebt": 1134721000.0, "totalDebt": 1280063000.0, "totalLiabilities": 17556309000.0, "totalShareholderEquity": 4590647000.0, "totalCurrentAssets": 19256906000.0, "totalCurrentLiabilities": 16173235000.0, "debtToEquity": 3.8244, "currentRatio": 1.1907, "cashRatio": 0.3896, "researchAndDevelopment": 96523000.0, "rdIntensity_pct": 4.07, "capexToRevenue_pct": -3.07, "distressFlags": ["high_debt_to_equity"]}, "summary": "Scientech Quarter 2024-06-30: Rev=2372649000.0, NI=226501000.0, GM%=27.89, NM%=9.55", "source": "YahooFinance"}
{"company": "Scientech", "symbol": "3583.TW", "freq": "Quarter", "fiscalDate": "2024-03-31", "metrics": {"fiscalDate": "2024-03-31", "totalRevenue": null, "grossProfit": null, "netIncome": null, "grossMargin_pct": null, "netMargin_pct": null, "operatingCashflow": null, "capitalExpenditures": null, "freeCashFlow": null, "cashAndCashEquivalents": null, "shortTermDebt": null, "longTermDebt": null, "totalDebt": null, "totalLiabilities": null, "totalShareholderEquity": null, "totalCurrentAssets": null, "totalCurrentLiabilities": null, "debtToEquity": null, "currentRatio": null, "cashRatio": null, "researchAndDevelopment": null, "rdIntensity_pct": null, "capexToRevenue_pct": null, "distressFlags": []}, "summary": "Scientech Quarter 2024-03-31: Rev=None, NI=None, GM%=None, NM%=None", "source": "YahooFinance"}
{"company": "Scientech", "symbol": "3583.TW", "freq": "Quarter", "fiscalDate": "2023-12-31", "metrics": {"fiscalDate": "2023-12-31", "totalRevenue": null, "grossProfit": null, "netIncome": null, "grossMargin_pct": null, "netMargin_pct": null, "operatingCashflow": null, "capitalExpenditures": null, "freeCashFlow": null, "cashAndCashEquivalents": null, "shortTermDebt": null, "longTermDebt": null, "totalDebt": null, "totalLiabilities": null, "totalShareholderEquity": null, "totalCurrentAssets": null, "totalCurrentLiabilities": null, "debtToEquity": null, "currentRatio": null, "cashRatio": null, "researchAndDevelopment": null, "rdIntensity_pct": null, "capexToRevenue_pct": null, "distressFlags": []}, "summary": "Scientech Quarter 2023-12-31: Rev=None, NI=None, GM%=None, NM%=None", "source": "YahooFinance"}
{"company": "Scientech", "symbol": "3583.TW", "freq": "Annual", "fiscalDate": "2024-12-31", "metrics": {"fiscalDate": "2024-12-31", "totalRevenue": 9688280000.0, "grossProfit": 2900673000.0, "netIncome": 926983000.0, "grossMargin_pct": 29.94, "netMargin_pct": 9.57, "operatingCashflow": 1725631000.0, "capitalExpenditures": -546820000.0, "freeCashFlow": 2272451000.0, "cashAndCashEquivalents": 7014917000.0, "shortTermDebt": 580232000.0, "longTermDebt": 1145654000.0, "totalDebt": 1725886000.0, "totalLiabilities": 18521736000.0, "totalShareholderEquity": 4962005000.0, "totalCurrentAssets": 20094282000.0, "totalCurrentLiabilities": 16987268000.0, "debtToEquity": 3.7327, "currentRatio": 1.1829, "cashRatio": 0.413, "researchAndDevelopment": 377553000.0, "rdIntensity_pct": 3.9, "capexToRevenue_pct": -5.64, "distressFlags": ["high_debt_to_equity"], "totalRevenue_QoQ_growth_pct": 40.17, "netIncome_QoQ_growth_pct": 42.55, "totalRevenue_YoY_growth_pct": 40.17, "netIncome_YoY_growth_pct": 42.55}, "summary": "Scientech Annual 2024-12-31: Rev=9688280000.0, NI=926983000.0, GM%=29.94, NM%=9.57", "source": "YahooFinance"}
{"company": "Scientech", "symbol": "3583.TW", "freq": "Annual", "fiscalDate": "2023-12-31", "metrics": {"fiscalDate": "2023-12-31", "totalRevenue": 6911981000.0, "grossProfit": 2206123000.0, "netIncome": 650302000.0, "grossMargin_pct": 31.92, "netMargin_pct": 9.41, "operatingCashflow": 1004121000.0, "capitalExpenditures": -59221000.0, "freeCashFlow": 1063342000.0, "cashAndCashEquivalents": 4660977000.0, "shortTermDebt": 308752000.0, "longTermDebt": 0.0, "totalDebt": 308752000.0, "totalLiabilities": 14933594000.0, "totalShareholderEquity": 3989253000.0, "totalCurrentAssets": 16406915000.0, "totalCurrentLiabilities": 14727105000.0, "debtToEquity": 3.7435, "currentRatio": 1.1141, "cashRatio": 0.3165, "researchAndDevelopment": 341442000.0, "rdIntensity_pct": 4.94, "capexToRevenue_pct": -0.86, "distressFlags": ["high_debt_to_equity"], "totalRevenue_QoQ_growth_pct": 22.34, "netIncome_QoQ_growth_pct": 14.37, "totalRevenue_YoY_growth_pct": 22.34, "netIncome_YoY_growth_pct": 14.37}, "summary": "Scientech Annual 2023-12-31: Rev=6911981000.0, NI=650302000.0, GM%=31.92, NM%=9.41", "source": "YahooFinance"}
{"company": "Scientech", "symbol": "3583.TW", "freq": "Annual", "fiscalDate": "2022-12-31", "metrics": {"fiscalDate": "2022-12-31", "totalRevenue": 5649986000.0, "grossProfit": 2090251000.0, "netIncome": 568583000.0, "grossMargin_pct": 37.0, "netMargin_pct": 10.06, "operatingCashflow": 2319287000.0, "capitalExpenditures": -401082000.0, "freeCashFlow": 2720369000.0, "cashAndCashEquivalents": 4081951000.0, "shortTermDebt": 437984000.0, "longTermDebt": null, "totalDebt": 437984000.0, "totalLiabilities": 11037383000.0, "totalShareholderEquity": 3582486000.0, "totalCurrentAssets": 12212738000.0, "totalCurrentLiabilities": 10897604000.0, "debtToEquity": 3.0809, "currentRatio": 1.1207, "cashRatio": 0.3746, "researchAndDevelopment": 320616000.0, "rdIntensity_pct": 5.67, "capexToRevenue_pct": -7.1, "distressFlags": ["high_debt_to_equity"], "totalRevenue_QoQ_growth_pct": 20.63, "netIncome_QoQ_growth_pct": 35.41, "totalRevenue_YoY_growth_pct": 20.63, "netIncome_YoY_growth_pct": 35.41}, "summary": "Scientech Annual 2022-12-31: Rev=5649986000.0, NI=568583000.0, GM%=37.0, NM%=10.06", "source": "YahooFinance"}
{"company": "Scientech", "symbol": "3583.TW", "freq": "Annual", "fiscalDate": "2021-12-31", "metrics": {"fiscalDate": "2021-12-31", "totalRevenue": 4683787000.0, "grossProfit": 1707204000.0, "netIncome": 419905000.0, "grossMargin_pct": 36.45, "netMargin_pct": 8.97, "operatingCashflow": 1573715000.0, "capitalExpenditures": -70025000.0, "freeCashFlow": 1643740000.0, "cashAndCashEquivalents": 2153373000.0, "shortTermDebt": 256701000.0, "longTermDebt": null, "totalDebt": 256701000.0, "totalLiabilities": 5198861000.0, "totalShareholderEquity": 3128956000.0, "totalCurrentAssets": 6246380000.0, "totalCurrentLiabilities": 5073305000.0, "debtToEquity": 1.6615, "currentRatio": 1.2312, "cashRatio": 0.4245, "researchAndDevelopment": 280112000.0, "rdIntensity_pct": 5.98, "capexToRevenue_pct": -1.5, "distressFlags": []}, "summary": "Scientech Annual 2021-12-31: Rev=4683787000.0, NI=419905000.0, GM%=36.45, NM%=8.97", "source": "YahooFinance"}
{"company": "Scientech", "symbol": "3583.TW", "freq": "Annual", "fiscalDate": "2020-12-31", "metrics": {"fiscalDate": "2020-12-31", "totalRevenue": null, "grossProfit": null, "netIncome": null, "grossMargin_pct": null, "netMargin_pct": null, "operatingCashflow": null, "capitalExpenditures": null, "freeCashFlow": null, "cashAndCashEquivalents": null, "shortTermDebt": null, "longTermDebt": null, "totalDebt": null, "totalLiabilities": null, "totalShareholderEquity": null, "totalCurrentAssets": null, "totalCurrentLiabilities": null, "debtToEquity": null, "currentRatio": null, "cashRatio": null, "researchAndDevelopment": null, "rdIntensity_pct": null, "capexToRevenue_pct": null, "distressFlags": []}, "summary": "Scientech Annual 2020-12-31: Rev=None, NI=None, GM%=None, NM%=None", "source": "YahooFinance"}
